

@inproceedings{DBLP:conf/ipsn/SarkarZG07,
  author    = {Rik Sarkar and
               Xianjin Zhu and
               Jie Gao},
  title     = {{Hierarchical Spatial Gossip for Multi-Resolution Representations
               in Sensor Networks}},
  booktitle = {IEEE IPSN'07: Proc. of the Int. Conf. on Information
               Processing in Sensor Networks},
  year      = {2007},
  xpages     = {420-429},
  }
  
@article{DBLP:journals/ton/StutzbachRDSW09,
  author    = {Daniel Stutzbach and
               Reza Rejaie and
               Nick G. Duffield and
               Subhabrata Sen and
               Walter Willinger},
  title     = {{On Unbiased Sampling for Unstructured Peer-to-Peer Networks}},
  journal   = {IEEE/ACM Transaction on Networking},
  volume    = {17},
  number    = {2},
  year      = {2009},
  xpages     = {377-390},
}





@article{DBLP:journals/tocs/JelasityMB05,
  author    = {M{\'a}rk Jelasity and
               Alberto Montresor and
               {\"O}zalp Babaoglu},
  title     = {{Gossip-based Aggregation in Large Dynamic Networks}},
  journal   = {ACM Transactions on Computer Systems},
  volume    = {23},
  number    = {3},
  year      = {2005},
  xpages     = {219-252},
}

@Misc{ Patent1,
	author = {Kalman Graffi and Parag S. Mogre and Matthias Hollick and Christian Schwingenschl{\"o}gl},
	title = {{Detection of Colluding Misbehaving Nodes in Mobile Ad-Hoc and Wireless Mesh Networks, European Patent Office, Application No. /Patent No. 07022624.6 -- 1249}},
	year = "2007"
}

@Misc{ Patent2,
	author = "Parag S. Mogre and Kalman Graffi and Matthias Hollick and Andreas Ziller",
	title = {{Method for Misbehaviour Detection in Secure Wireless Mesh Networks, US Patent Application No: 2010/0180,113}},
	year = "2010"
}

@inproceedings{DamStadlerGAP,
  author    = {Mads Dam and
               Rolf Stadler},
  title     = {{A Generic Protocol for Network State Aggregation}},
  booktitle = {RVK'05: Proc. of the Radiovetenskap och Kommunikation},
  year      = {2005},
}
@inproceedings{DBLP:conf/imc/SteinerEB07,
  author    = {Moritz Steiner and
               Taoufik En-Najjary and
               Ernst W. Biersack},
  title     = {{A Global View of KAD}},
  booktitle = {ACM SIGCOMM'07: Proc. of the ACM Conf. on Internet
               Measurement},
  year      = {2007},
  xpages     = {117-122},
}

@article{DBLP:journals/cacm/Dijkstra74,
  author    = {Edsger W. Dijkstra},
  title     = {Self-stabilizing Systems in Spite of Distributed Control},
  journal   = {Commununications of the ACM},
  volume    = {17},
  number    = {11},
  year      = {1974},
  xpages     = {643-644},
}

@inproceedings{DBLP:conf/usenix/QiaoB06,
  author    = {Yi Qiao and
               Fabi{\'a}n E. Bustamante},
  title     = {{Structured and Unstructured Overlays under the Microscope:
               A Measurement-based View of Two P2P Systems That People
               Use}},
  booktitle = {USENIX'06: Proc. of the USENIX Annual Technical Conf.},
  year      = {2006},
  xpages     = {341-355},
}

@inproceedings{carechord,
  author    = {Markus Benter and Mohammad Divband and Sebastian Kniesburges and Andreas Koutsopoulos and Kalman Graffi},
  title     = {{Ca-Re-Chord: A Churn Resistant Self-stabilizing Chord Overlay Network}},
  booktitle = {NetSys'13: Proc. of the  Networked Systems Annual Technical Conf.},
  year      = {2013},
}

@inproceedings{DBLP:conf/ipps/BinzenhoferKH06,
  author    = {Andreas Binzenh{\"o}fer and
               Gerald Kunzmann and
               Robert Henjes},
  title     = {A scalable algorithm to monitor chord-based P2P systems
               at runtime},
  booktitle = {IPDPS'06: Proc. of the Int. Parallel and Distributed Processing Symposium},
  year      = {2006},
}


@inproceedings{DBLP:conf/iptps/MemonRGS09,
  author    = {Ghulam Memon and
               Reza Rejaie and
               Yang Guo and
               Daniel Stutzbach},
  title     = {{Large-scale Monitoring of DHT Traffic}},
   booktitle = {IPTPS'09: Proc. of the Int. Workshop on Peer-to-Peer Systems},
  year      = {2009},
  xpages     = {11},
}


@inproceedings{DBLP:conf/iptps/SteinerBE07,
  author    = {Moritz Steiner and
               Ernst W. Biersack and
               Taoufik En-Najjary},
  title     = {{Actively Monitoring Peers in KAD}},
  booktitle = {IPTPS'07: Proc. of the Int. Workshop on Peer-to-Peer Systems},
  year      = {2007},
}




@inproceedings{napster,
  author    = {Bengt Carlsson and
               Rune Gustavsson},
  title     = {{The Rise and Fall of Napster - An Evolutionary Approach}},
  booktitle = {Active Media Technology},
  year      = {2001},
  xpages     = {347-354},
  ee        = {http://link.springer.de/link/service/series/0558/bibs/2252/22520347.htm},
  xcrossref  = {DBLP:conf/amt/2001},
  bibsource = {DBLP, http://dblp.uni-trier.de}
}

@misc{rsvp,
  author = {F. Le Faucheur and B. Davie and P. Bose and C. Christou and M. Davenport},
  number = 4860,
  organization = {{Internet Engineering Task Force}},
  publisher = {IETF},
  series = {Request for Comments},
  title = {{RFC 4860: Generic Aggregate Resource ReSerVation Protocol (RSVP) Reservations}},
  howpublished = {http://www.ietf.org/rfc/rfc4860.txt},
  year = 2007,
}


@article{fasttrack,
  author    = {Jian Liang and
               Rakesh Kumar and
               Keith W. Ross},
  title     = {{The FastTrack Overlay: A Measurement Study}},
  journal   = {Computer Networks: The Int. Journal of Computer and Telecommunications Networking},
  volume    = {50},
  number    = {6},
  year      = {2006},
  xpages     = {842-858},
  ee        = {http://dx.doi.org/10.1016/j.comnet.2005.07.014},
  bibsource = {DBLP, http://dblp.uni-trier.de}
}

@inproceedings{vivaldi,
  author    = {Frank Dabek and
               Russ Cox and
               M. Frans Kaashoek and
               Robert Morris},
  title     = {{Vivaldi: A Decentralized Network Coordinate System}},
  booktitle = {ACM SIGCOMM'04: Proc. of the Conf. on Applications,
               Technologies, Architectures, and Protocols for Computer
               Communications},
  year      = {2004},
  xpages     = {15-26},
  ee        = {http://doi.acm.org/10.1145/1015467.1015471},
  xcrossref  = {DBLP:conf/sigcomm/2004},
  bibsource = {DBLP, http://dblp.uni-trier.de}
}

@inproceedings{BanerjeeBK02,
  author    = {Suman Banerjee and
               Bobby Bhattacharjee and
               Christopher Kommareddy},
  title     = {{Scalable Application Layer Multicast}},
  booktitle = {ACM SIGCOMM '02: Proc. of the Conf. on Applications,
               Technologies, Architectures, and Protocols for Computer
               Communications},
  year      = {2002},
  xpages     = {205-217},
  ee        = {http://doi.acm.org/10.1145/633025.633045},
  xcrossref  = {DBLP:conf/sigcomm/2002},
  bibsource = {DBLP, http://dblp.uni-trier.de}
}

@inproceedings{ChuRZ00,
  author    = {Yang-Hua Chu and
               Sanjay G. Rao and
               Hui Zhang},
  title     = {{A Case for End System Multicast}},
  booktitle = {ACM SIGMETRICS '00: Proc. of the Int. Conf.
               on Measurement and Modeling of Computer Systems},
  year      = {2000},
  xpages     = {1-12},
  ee        = {http://doi.acm.org/10.1145/339331.339337},
  bibsource = {DBLP, http://dblp.uni-trier.de}
}

@article{Chawathe03,
  author    = {Yatin Chawathe},
  title     = {{Scattercast: An Adaptable Broadcast Distribution Framework}},
  journal   = {Springer Multimedia Systems},
  volume    = {9},
  number    = {1},
  year      = {2003},
  xpages     = {104-118},
  ee        = {http://www.springerlink.com/openurl.asp?genre=article{\&}issn=0942-4962{\&}volume=9{\&}issue=1{\&}spage=104},
  bibsource = {DBLP, http://dblp.uni-trier.de}
}

@inproceedings{PendarakisSVW01,
  author    = {Dimitrios E. Pendarakis and
               Sherlia Shi and
               Dinesh C. Verma and
               Marcel Waldvogel},
  title     = {{ALMI: An Application Level Multicast Infrastructure}},
  booktitle = {USENIX USITS '01: 3rd USENIX Symposium on Internet Technologies and Systems},
  year      = {2001},
  xpages     = {49-60},
  ee        = {http://www.usenix.org/events/usits01/shi.html},
  xcrossref  = {DBLP:conf/usits/2001},
  bibsource = {DBLP, http://dblp.uni-trier.de}
}

@inproceedings{ZhangJZ02,
  author    = {Beichuan Zhang and
               Sugih Jamin and
               Lixia Zhang},
  title     = {{Host Multicast: A Framework for Delivering Multicast To End Users}},
  booktitle = {INFOCOM '02: Proc. of the  Int. Conf. on Computer
               Communications, Joint Conf. of the IEEE Computer and
               Communications Societies},
  year      = {2002},
  publisher = "IEEE",
  ee        = {http://www.ieee-infocom.org/2002/papers/383.pdf},
  bibsource = {DBLP, http://dblp.uni-trier.de}
}

@inproceedings{LaoCGM06,
  author    = {Li Lao and
               Jun-Hong Cui and
               Mario Gerla and
               Dario Maggiorini},
  title     = {{A Comparative Study of Multicast Protocols: Top, Bottom, or In the Middle?}},
  booktitle = {INFOCOM '06: Proc. of the  Int. Conf. on Computer
               Communications, Joint Conf. of the IEEE Computer and
               Communications Societies},
  year      = {2006},
  publisher = "IEEE",
  ee        = {http://dx.doi.org/10.1109/INFOCOM.2006.344},
  xcrossref  = {DBLP:conf/infocom/2006},
  bibsource = {DBLP, http://dblp.uni-trier.de}
}

@article{HosseiniASG07,
  author    = {Mojtaba Hosseini and
               Dewan Tanvir Ahmed and
               Shervin Shirmohammadi and
               Nicolas D. Georganas},
  title     = {{A Survey of Application-Layer Multicast Protocols}},
  journal   = {IEEE Communications Surveys and Tutorials},
  volume    = {9},
  number    = {1-4},
  year      = {2007},
  xpages     = {58-74},
  ee        = {http://dl.comsoc.org/cocoon/comsoc/servlets/OntologySearch?query={\&}node=TOC1827{\&}render=false{\&}type=1},
  bibsource = {DBLP, http://dblp.uni-trier.de}
}

@inproceedings{PietzuchB03,
  author    = {Peter R. Pietzuch and
               Jean Bacon},
  title     = {{Peer-to-Peer Overlay Broker Networks in an Event-based Middleware}},
  booktitle = {ACM DEBS'03: Proc. of the 2nd Int. Workshop on Distributed
               Event-Based Systems},
  year      = {2003},
  ee        = {http://doi.acm.org/10.1145/966618.966628},
  xcrossref  = {DBLP:conf/debs/2003},
  bibsource = {DBLP, http://dblp.uni-trier.de}
}


@inproceedings{scribe,
  author    = {Antony I. T. Rowstron and
               Anne-Marie Kermarrec and
               Miguel Castro and
               Peter Druschel},
  title     = {{SCRIBE: The Design of a Large-Scale Event Notification Infrastructure}},
  booktitle = {Proc. of Networked Group Communication, Third Int. COST264
               Workshop},
  year      = {2001},
  xpages     = {30-43},
  publisher = {Springer},
  series    = {LNCS},
  volume    = {2233},
  ee        = {http://link.springer.de/link/service/series/0558/bibs/2233/22330030.htm},
  xcrossref  = {DBLP:conf/ngc/2001},
  bibsource = {DBLP, http://dblp.uni-trier.de}
}



@inproceedings{DBLP:conf/debs/TerpstraBFZB03,
  author    = {Wesley W. Terpstra and
               Stefan Behnel and
               Ludger Fiege and
               Andreas Zeidler and
               Alejandro P. Buchmann},
  title     = {{A Peer-to-Peer Approach to Content-based Publish/Subscribe}},
  booktitle = {ACM DEBS'03: Proc. of the Int. Workshop on Distributed
               Event-Based Systems},
  year      = {2003},
  ee        = {http://doi.acm.org/10.1145/966618.966627},
  xcrossref  = {DBLP:conf/debs/2003},
  bibsource = {DBLP, http://dblp.uni-trier.de}
}

@article{DBLP:journals/ieicet/LoC08,
  author    = {Shou-Chih Lo and
               Yi-Ting Chiu},
  title     = {{Design of Content-Based Publish/Subscribe Systems over Structured
               Overlay Networks}},
  journal   = {IEICE Transactions},
  volume    = {91-D},
  number    = {5},
  year      = {2008},
  xpages     = {1504-1511},
  ee        = {http://dx.doi.org/10.1093/ietisy/e91-d.5.1504},
  bibsource = {DBLP, http://dblp.uni-trier.de}
}

@inproceedings{DBLP:conf/p2p/AndrzejakX02,
  author    = {Artur Andrzejak and Zhichen Xu},
  title     = {{Scalable, Efficient Range Queries for Grid Information Services}},
  booktitle = {IEEE P2P '02, Proc. of the Int. Conf. on Peer-to-Peer Computing},
  year      = {2002},
  xpages     = {33-40},
  ee        = {http://csdl.computer.org/comp/proceedings/p2p/2002/1810/00/18100033abs.htm},
  xcrossref  = {DBLP:conf/p2p/2002},
  bibsource = {DBLP, http://dblp.uni-trier.de}
}



@inproceedings{past,
  author    = {Peter Druschel and
               Antony I. T. Rowstron},
  title     = {{PAST: A Large-scale, Persistent Peer-to-Peer Storage Utility}},
  booktitle = {IEEE HotOS '01: Proc. of the Workshop on Hot Topics in Operating Systems},
  year      = {2001},
  xpages     = {75-80},
  ee        = {http://csdl.computer.org/comp/proceedings/hotos/2001/1040/00/10400075abs.htm},
  xcrossref  = {DBLP:conf/hotos/2001},
  bibsource = {DBLP, http://dblp.uni-trier.de}
}


@inproceedings{pastry,
  author    = {Antony I. T. Rowstron and
               Peter Druschel},
  title     = {{Pastry: Scalable, Decentralized Object Location, and Routing
               for Large-Scale Peer-to-Peer Systems}},
  booktitle = {IFIP/ACM Middleware '01: Proc. of the Int. Conf. on Distributed
               Systems Platforms},
  year      = {2001},
  publisher = {Springer},
  series    = {LNCS},
  volume    = {2218},
  xpages     = {329-350},
  ee        = {http://link.springer.de/link/service/series/0558/bibs/2218/22180329.htm},
  xcrossref  = {DBLP:conf/middleware/2001},
  bibsource = {DBLP, http://dblp.uni-trier.de}
}

@inproceedings{oceanstore,
  author    = {John Kubiatowicz and
               David Bindel and
               Yan Chen and
               Steven E. Czerwinski and
               Patrick R. Eaton and
               Dennis Geels and
               Ramakrishna Gummadi and
               Sean C. Rhea and
               Hakim Weatherspoon and
               Westley Weimer and
               Chris Wells and
               Ben Y. Zhao},
  title     = {{OceanStore: An Architecture for Global-Scale Persistent Storage}},
  booktitle = {ACM ASPLOS '00: Proc. of the Int. Conf. on
 Architectural Support for Programming Languages and Operating Systems},
  year      = {2000},
  xpages     = {190-201},
  ee        = {http://doi.acm.org/10.1145/356989.357007},
  bibsource = {DBLP, http://dblp.uni-trier.de}
}

@inproceedings{DBLP:conf/sosp/DabekKKMS01,
  author    = {Frank Dabek and
               M. Frans Kaashoek and
               David R. Karger and
               Robert Morris and
               Ion Stoica},
  title     = {{Wide-Area Cooperative Storage with CFS}},
  booktitle = {ACM SOSP '01: Proc. of ACM Symposium on Operating Systems Principles},
  year      = {2001},
  xpages     = {202-215},
  ee        = {http://doi.acm.org/10.1145/502034.502054},
  bibsource = {DBLP, http://dblp.uni-trier.de}
}

@article{setiathome,
  author    = {David P. Anderson and
               Jeff Cobb and
               Eric Korpela and
               Matt Lebofsky and
               Dan Werthimer},
  title     = {{SETI@home: An Experiment in Public-Resource Computing}},
  journal   = {Communications of the ACM},
  volume    = {45},
  number    = {11},
  year      = {2002},
  xpages     = {56-61},
  ee        = {http://doi.acm.org/10.1145/581571.581573},
  bibsource = {DBLP, http://dblp.uni-trier.de}
}

@inproceedings{boinc,
  author    = {David P. Anderson},
  title     = {{BOINC: A System for Public-Resource Computing and Storage}},
  booktitle = {IEEE GRID '04: Proc. of Int. Workshop on Grid Computing},
  year      = {2004},
  xpages     = {4-10},
  ee        = {http://doi.ieeecomputersociety.org/10.1109/GRID.2004.14},
  xcrossref  = {DBLP:conf/grid/2004},
  bibsource = {DBLP, http://dblp.uni-trier.de}
}


@inproceedings{DBLP:conf/iptps/LoZZLZ04,
  author    = {Virginia Mary Lo and
               Daniel Zappala and
               Dayi Zhou and
               Yuhong Liu and
               Shanyu Zhao},
  title     = {{Cluster Computing on the Fly: P2P Scheduling of Idle Cycles in the Internet}},
  booktitle = {IPTPS '04: Proc. of the Int. Workshop on Peer-To-Peer Systems},
  year      = {2004},
  xpages     = {227-236},
  bibsource = {DBLP, http://dblp.uni-trier.de}
}


@inproceedings{DBLP:conf/sosp/FuCCSV03,
  author    = {Yun Fu and
               Jeffrey S. Chase and
               Brent N. Chun and
               Stephen Schwab and
               Amin Vahdat},
  title     = {{SHARP: An Architecture for Secure Resource Peering}},
  booktitle = {ACM SOSP'03: Proc. of the ACM Symposium on Operating Systems
               Principles},
  year      = {2003},
  xpages     = {133-148},
  ee        = {http://doi.acm.org/10.1145/945445.945459},
  xcrossref  = {DBLP:conf/sosp/2003},
  bibsource = {DBLP, http://dblp.uni-trier.de}
}


@inproceedings{DBLP:conf/jvm/ButtFHM04,
  author    = {Ali Raza Butt and
               Xing Fang and
               Y. Charlie Hu and
               Samuel P. Midkiff},
  title     = {{Java, Peer-to-Peer, and Accountability: Building Blocks for Distributed Cycle Sharing}},
  booktitle = {Proc. of USENIX Virtual Machine Research and Technology Symposium},
  year      = {2004},
  xpages     = {163-176},
  ee        = {http://www.usenix.org/publications/library/proceedings/vm04/tech/butt.html},
  xcrossref  = {DBLP:conf/jvm/2004},
  bibsource = {DBLP, http://dblp.uni-trier.de}
}


@article{DBLP:journals/tpds/GuptaSS06,
  author    = {Rohit Gupta and
               Varun Sekhri and
               Arun K. Somani},
  title     = {{CompuP2P: An Architecture for Internet Computing Using Peer-to-Peer Networks}},
  journal   = {IEEE Transactions on Parallel Distributed Systems},
  volume    = {17},
  number    = {11},
  year      = {2006},
  xpages     = {1306-1320},
  ee        = {http://doi.ieeecomputersociety.org/10.1109/TPDS.2006.149},
  bibsource = {DBLP, http://dblp.uni-trier.de}
}

@inproceedings{DBLP:conf/acsw/MasonK05,
  author    = {Richard Mason and
               Wayne Kelly},
  title     = {{G2-P2P: A Fully Decentralised Fault-Tolerant Cycle-Stealing
               Framework}},
  booktitle = {ACSW Frontiers '05: ACSW Workshops - the Australasian
               Workshop on Grid Computing and e-Research (AusGrid 2005)
               and the Third Australasian Information Security Workshop
               (AISW 2005)},
  year      = {2005},
  xpages     = {33-39},
  booktitle = {ACSW Frontiers},
  publisher = {Australian Computer Society},
  series    = {CRPIT},
  volume    = {44},
  ee        = {http://www.crpit.com/confpapers/CRPITV44Mason.pdf},
  xcrossref  = {DBLP:conf/acsw/2005},
  bibsource = {DBLP, http://dblp.uni-trier.de}
}


@inproceedings{DBLP:conf/networking/HausheerS05,
  author    = {David Hausheer and
               Burkhard Stiller},
  title     = {{PeerMint: Decentralized and Secure Accounting for Peer-to-Peer
               Applications}},
  booktitle = {NETWORKING '05: Proc. of Int.
               IFIP-TC6 Networking Conf. on Networking Technologies, Services, and
               Protocols},
  year      = {2005},
  publisher = {Springer},
  series    = {LNCS},
  volume    = {3462},
  xpages     = {40-52},
  ee        = {http://dx.doi.org/10.1007/11422778_4},
  xcrossref  = {DBLP:conf/networking/2005},
  bibsource = {DBLP, http://dblp.uni-trier.de}
}

@inproceedings{DBLP:conf/p2p/LiebauDHM05,
  author    = {Nicolas Liebau and
               Vasilios Darlagiannis and
               Oliver Heckmann and
               Andreas Mauthe},
  title     = {{Accounting in Peer-to-Peer-Systems}},
  booktitle = {Peer-to-Peer Systems and Applications},
 publisher = {Springer},
  series    = {LNCS},
  year      = {2005},
  xpages     = {547-566},
  ee        = {http://dx.doi.org/10.1007/11530657_32},
  xcrossref  = {DBLP:conf/p2p/2005lncs},
  bibsource = {DBLP, http://dblp.uni-trier.de}
}


@inproceedings{DBLP:conf/ccs/YangG03,
  author    = {Beverly Yang and
               Hector Garcia-Molina},
  title     = {{PPay: Micropayments for Peer-to-Peer Systems}},
  booktitle = {ACM CCS '03: Proc. of the ACM Conf. on Computer and Communications
               Security},
  year      = {2003},
  xpages     = {300-310},
  ee        = {http://doi.acm.org/10.1145/948109.948150},
  xcrossref  = {DBLP:conf/ccs/2003},
  bibsource = {DBLP, http://dblp.uni-trier.de}
}


@inproceedings{DBLP:conf/icdcit/DaiG05,
  author    = {Xiaoling Dai and
               John C. Grundy},
  title     = {{Off-Line Micro-payment System for Content Sharing in P2P Networks}},
  booktitle = {ICDCIT '05: Proc. of the Int. Conf. on Distributed Computing and Internet Technology},
  year      = {2005},
  publisher = {Springer},
  series    = {LNCS},
  volume    = {3816},
  xpages     = {297-307},
  ee        = {http://dx.doi.org/10.1007/11604655_34},
  xcrossref  = {DBLP:conf/icdcit/2005},
  bibsource = {DBLP, http://dblp.uni-trier.de}
}

@inproceedings{DBLP:conf/qofis/HwangALSM02,
  author    = {Junseok Hwang and
               Praveen Aravamudham and
               Elizabeth D. Liddy and
               Jeffrey Stanton and
               Ian MacInnes},
  title     = {{Charging Control and Transaction Accounting Mechanisms Using
               IRTL (Information Resource Transaction Layer) Middleware
               for P2P Services}},
  booktitle = {QofIS '02: In Proc. of the Int.
               Workshop on Quality of Future Internet Services},
  publisher = {Springer},
  series    = {LNCS},
  volume    = {2511},
  year      = {2002},
  xpages     = {239-249},
  ee        = {http://springerlink.metapress.com/openurl.asp?genre=article{\&}issn=0302-9743{\&}volume=2511{\&}spage=239},
  xcrossref  = {DBLP:conf/qofis/2002},
  bibsource = {DBLP, http://dblp.uni-trier.de}
}

@techreport{qos,
	author = {Jens Schmitt and Lars Wolf},
	title = {{Quality of Service - An Overview}},
	year = {1997},
	institution = {Technische Universit\"at Darmstadt, Multimedia Communications Lab},
	number = {TR-KOM-1997-01},
	URL = {ftp://ftp.kom.e-technik.tu-darmstadt.de/pub/papers/SW97-3.pdf},
}


@techreport{emule,
	author = {Y. Kulbak and D. Bickson},
	title = {{The eMule Protocol Specification}},
	year = {2005},
	institution = {School of Computer Science and Engineering, The Hebrew University of Jerusalem},
}

@misc{jmule,
	author = {A. Klimkin},
	title = {{Unofficial eDonkey Protocol Specification v0.6.2, Available at: http://www.jmule.org/files/eDonkey-protocol-0.6.2.html}},
	xurl = {{http://www.jmule.org/ files/eDonkey-protocol-0.6.2.html}},
}

@misc{itqos,
	author = {{ITU-T}},
	title = {{X.641: Information technology - Quality of Service: Framework}},
	institution = {{Int. Telecommunication Union, 1997 (Data Networks and Open System Communication)}},
}

@techreport{	HSL+06,
	author = {Oliver Heckmann and Ralf Steinmetz and Nicolas Liebau and Alejandro
Buchmann and Claudia Eckert and Jussi Kangasharju and Max
M{\"u}hlh{\"a}user and Andreas Sch{\"u}rr},
	title = {{Qualit{\"a}tsmerkmale von Peer-to-Peer-Systemen}},
	year = {2006},
	institution = {Multimedia Communications Lab, Technische Universit{\"a}t Darmstadt},
	number = {KOM-TR-2006-03},
	research_area = {Peer-to-Peer Networking},
	URL = {ftp://ftp.kom.e-technik.tu-darmstadt.de/pub/papers/HSL+06-1-paper.pdf},
}

@inproceedings{DBLP:conf/icpads/KovacevicGKLS08,
  author    = {Aleksandra Kovacevic and
               Kalman Graffi and
               Sebastian Kaune and
               Christof Leng and
               Ralf Steinmetz},
  title     = {{Towards Benchmarking of Structured Peer-to-Peer Overlays
               for Network Virtual Environments}},
  booktitle = {IEEE ICPADS '08: Proc. of the Int. Conf. on Parallel and Distributed
               Systems},
  xpublisher = {IEEE},
  year      = {2008},
  xpages     = {799-804},
  ee        = {http://dx.doi.org/10.1109/ICPADS.2008.68},
  xcrossref  = {DBLP:conf/icpads/2008},
  bibsource = {DBLP, http://dblp.uni-trier.de}
}


@inproceedings{DBLP:conf/icdcs/AmirT02,
  author    = {Yair Amir and
               Ciprian Tutu},
  title     = {{From Total Order to Database Replication}},
  booktitle = {IEEE ICDCS'02: Proc. of the Int. Conf. on Distributed Computing
               Systems },
  year      = {2002},
  xpages     = {494-},
  ee        = {http://computer.org/proceedings/icdcs/1585/15850494abs.htm},
  bibsource = {DBLP, http://dblp.uni-trier.de}
}


@article{DBLP:journals/sigmetrics/Keller90,
  author    = {Tom W. Keller},
  title     = {{SPEC Benchmarks and Competitive Results}},
  journal   = {SIGMETRICS Performance Evaluation Review},
  volume    = {18},
  number    = {3},
  year      = {1990},
  xpages     = {19-20},
  bibsource = {DBLP, http://dblp.uni-trier.de}
}

@inproceedings{DBLP:conf/cdes/JohnNJH09,
  author    = {Binu John and
               Pradeep Nair and
               Eugene John and
               Fred Hudson},
  title     = {{Performance Measurement of Single, Dual and Quad Core Machines
               Using SPEC CPU2006}},
  booktitle = {CSREA CDES'09: Proc. of the 2009 Int. Conf. on Computer
               Design},
  year      = {2009},
  xpages     = {143-149},
  xcrossref  = {DBLP:conf/cdes/2009},
  bibsource = {DBLP, http://dblp.uni-trier.de}
}

@inproceedings{DBLP:conf/debs/SachsKAB09,
  author    = {Kai Sachs and
               Samuel Kounev and
               Stefan Appel and
               Alejandro P. Buchmann},
  title     = {{Benchmarking of Message-oriented Middleware}},
  booktitle = {ACM DEBS'09: Proc. of the Third ACM Int. Conf. on
               Distributed Event-Based Systems},
  year      = {2009},
  ee        = {http://doi.acm.org/10.1145/1619258.1619313},
  xcrossref  = {DBLP:conf/debs/2009},
  bibsource = {DBLP, http://dblp.uni-trier.de}
}

@inproceedings{DBLP:conf/siggraph/BroderCCW88,
  author    = {Alan Broder and
               Mark A. Charette and
               Brian Croll and
               Turner Whitted},
  title     = {{What can we learn by Benchmarking Graphics Systems? (Panel
               Session)}},
  booktitle = {ACM SIGGRAPH'88: Proc. of the Annual Conf. on Computer Graphics
               and Interactive Techniques},
  year      = {1988},
  xpages     = {348},
  ee        = {http://doi.acm.org/10.1145/54852.378550},
  xcrossref  = {DBLP:conf/siggraph/1988},
  bibsource = {DBLP, http://dblp.uni-trier.de}
}

@inproceedings{DBLP:conf/ih/PereiraVMMP01,
  author    = {Shelby Pereira and
               Sviatoslav Voloshynovskiy and
               Maribel Madueno and
               St{\'e}phane Marchand-Maillet and
               Thierry Pun},
  title     = {{Second Generation Benchmarking and Application Oriented
               Evaluation}},
  booktitle = {Information Hiding},
  publisher = {Springer},
  series    = {LNCS},
  volume    = {2137},
  year      = {2001},
  xpages     = {340-353},
  ee        = {http://link.springer.de/link/service/series/0558/bibs/2137/21370340.htm},
  xcrossref  = {DBLP:conf/ih/2001},
  bibsource = {DBLP, http://dblp.uni-trier.de}
}

@inproceedings{DBLP:conf/lisa/Robinson99,
  author    = {David Robinson},
  title     = {{The Advancement of NFS Benchmarking: SFS 2.0}},
  booktitle = {USENIX LISA'99: Proc. of the Annual Conf. on Systems Administration},
  year      = {1999},
  xpages     = {175-186},
  ee        = {http://www.usenix.org/publications/library/proceedings/lisa99/robinson.html},
  xcrossref  = {DBLP:conf/lisa/1999},
  bibsource = {DBLP, http://dblp.uni-trier.de}
}

@article{DBLP:journals/concurrency/GreggPW05,
  author    = {David Gregg and
               James F. Power and
               John Waldron},
  title     = {{A Method-level Comparison of the Java Grande and SPEC JVM98
               Benchmark Suites}},
  journal   = {Concurrency - Practice and Experience},
  volume    = {17},
  number    = {7-8},
  year      = {2005},
  xpages     = {757-773},
  ee        = {http://dx.doi.org/10.1002/cpe.846},
  bibsource = {DBLP, http://dblp.uni-trier.de}
}

@article{DBLP:journals/jec/SurendraBN06,
  author    = {G. Surendra and
               Subhasis Banerjee and
               S. K. Nandy},
  title     = {{Instruction Reuse in SPEC, Media and Packet Processing Benchmarks:
               A Comparative Study of Power, Performance and related Microarchitectural
               Optimizations}},
  journal   = {Journal on Embedded Computing},
  volume    = {2},
  number    = {1},
  year      = {2006},
  xpages     = {15-34},
  ee        = {http://iospress.metapress.com/content/3bcmbqed8jta590g/},
  bibsource = {DBLP, http://dblp.uni-trier.de}
}

@inproceedings{DBLP:conf/cmg/Hrischuk06,
  author    = {Curtis E. Hrischuk},
  title     = {{A Tutorial on SIP Application Server Performance and Benchmarking}},
  booktitle = {CMG '06: Proc. of the Int. Computer Measurement Group Conf.},
  year      = {2006},
  xpages     = {729-740},
  xcrossref  = {DBLP:conf/cmg/2006},
  bibsource = {DBLP, http://dblp.uni-trier.de}
}
@proceedings{DBLP:conf/cmg/2006,
  title     = {32nd Int. Computer Measurement Group Conf.,
               December 3-6, 2006, Reno, Nevada, USA, Proceedings},
  booktitle = {Int. CMG Conf.},
  publisher = {Computer Measurement Group},
  year      = {2006},
  bibsource = {DBLP, http://dblp.uni-trier.de}
}

@article{DBLP:journals/comcom/SilvaSMBS00,
  author    = {Lu\'{\i}s Moura Silva and
               Guilherme Soares and
               Paulo Martins and
               Victor Batista and
               Lu\'{\i}s Santos},
  title     = {{Comparing the Performance of Mobile Agent Systems: A Study of Benchmarking}},
  journal   = {Computer Networks: The Int. Journal of Computer and Telecommunications Networking},
  volume    = {23},
  number    = {8},
  year      = {2000},
  xpages     = {769-778},
  ee        = {http://dx.doi.org/10.1016/S0140-3664(99)00237-6},
  bibsource = {DBLP, http://dblp.uni-trier.de}
}

@inproceedings{DBLP:conf/performance/AndreoliniCC02,
  author    = {Mauro Andreolini and
               Valeria Cardellini and
               Michele Colajanni},
  title     = {{Benchmarking Models and Tools for Distributed Web-Server
               Systems}},
  booktitle = {Springer Tutorial Lectures, Performance '02: Performance Evaluation of Complex Systems: Techniques and
               Tools},
  year      = {2002},
  volume    = {2459},
  publisher = {Springer},
  xpages     = {208-235},
  ee        = {http://link.springer.de/link/service/series/0558/bibs/2459/24590208.htm},
  xcrossref  = {DBLP:conf/performance/2002},
  bibsource = {DBLP, http://dblp.uni-trier.de}
}


@inproceedings{DBLP:conf/issta/DenaroPTS06,
  author    = {Giovanni Denaro and
               Mauro Pezz{\`e} and
               Davide Tosi and
               Daniela Schilling},
  title     = {{Towards Self-adaptive Service-oriented Architectures}},
  booktitle = {ACM SIGSOFT TAV-WEB'06: Proc. of the Workshop on Testing, Analysis, and
               Verification of Web Services and Applications},
  year      = {2006},
  xpages     = {10-16},
  ee        = {http://doi.acm.org/10.1145/1145718.1145720},
  xcrossref  = {DBLP:conf/issta/2006t},
  bibsource = {DBLP, http://dblp.uni-trier.de}
}


@article{DBLP:journals/ker/McCannLHRW06,
  author    = {Julie A. McCann and
               Rog{\'e}rio de Lemos and
               Markus C. Huebscher and
               Omer F. Rana and
               Andreas Wombacher},
  title     = {{Can Self-managed Systems be trusted? Some Views and Trends}},
  journal   = {Knowledge Engineering Review},
  volume    = {21},
  number    = {3},
  year      = {2006},
  xpages     = {239-248},
  ee        = {http://dx.doi.org/10.1017/S0269888906000853},
  bibsource = {DBLP, http://dblp.uni-trier.de}
}

@inproceedings{DBLP:conf/middleware/ModafferiMP06,
  author    = {Stefano Modafferi and
               Enrico Mussi and
               Barbara Pernici},
  title     = {{SH-BPEL: A Self-healing Plug-in for WS-BPEL Engines}},
  booktitle = {ACM MW4SOC'06: Proc. of the Workshop on Middleware for Service
               Oriented Computing},
  year      = {2006},
  xpages     = {48-53},
  ee        = {http://doi.acm.org/10.1145/1169091.1169099},
  xcrossref  = {DBLP:conf/middleware/2006mw4soc},
  bibsource = {DBLP, http://dblp.uni-trier.de}
}

@article{DBLP:journals/csur/HuebscherM08,
  author    = {Markus C. Huebscher and
               Julie A. McCann},
  title     = {{A Survey of Autonomic Computing - Degrees, Models, and Applications}},
  journal   = {ACM Computing Surveys},
  volume    = {40},
  number    = {3},
  year      = {2008},
  ee        = {http://doi.acm.org/10.1145/1380584.1380585},
  bibsource = {DBLP, http://dblp.uni-trier.de}
}

@inproceedings{DBLP:conf/icas/KhalidHKS09,
  author    = {Amina Khalid and
               Mouna Abdul Haye and
               Malik Jahan Khan and
               Shafay Shamail},
  title     = {{Survey of Frameworks, Architectures and Techniques in Autonomic Computing}},
  booktitle = {IEEE ICAS'09: Proc. of the Int. Conf. on Autonomic and Autonomous Systems},
  year      = {2009},
  xpages     = {220-225},
  ee        = {http://doi.ieeecomputersociety.org/10.1109/ICAS.2009.38},
  xcrossref  = {DBLP:conf/icas/2009},
  bibsource = {DBLP, http://dblp.uni-trier.de}
}

@inproceedings{DBLP:conf/podc/MassoulieMKG06,
  author    = {Laurent Massouli{\'e} and
               Erwan Le Merrer and
               Anne-Marie Kermarrec and
               Ayalvadi J. Ganesh},
  title     = {{Peer Counting and Sampling in Overlay Networks: Random Walk Methods}},
  booktitle = {ACM PODC '06: Proc. of the Annual ACM Symposium on
               Principles of Distributed Computing},
  year      = {2006},
  xpages     = {123-132},
  ee        = {http://doi.acm.org/10.1145/1146381.1146402},
  xcrossref  = {DBLP:conf/podc/2006},
  bibsource = {DBLP, http://dblp.uni-trier.de}
}


@inproceedings{DBLP:conf/podc/DemersGHIL87,
  author    = {Alan J. Demers and
               Daniel H. Greene and
               Carl Hauser and
               Wes Irish and
               John Larson and
               Scott Shenker and
               Howard E. Sturgis and
               Daniel C. Swinehart and
               Douglas B. Terry},
  title     = {{Epidemic Algorithms for Replicated Database Maintenance}},
  booktitle = {ACM PODC '87: Proc. of the Annual ACM Symposium on
               Principles of Distributed Computing},
  year      = {1987},
  xpages     = {1-12},
  ee        = {http://doi.acm.org/10.1145/41840.41841},
  bibsource = {DBLP, http://dblp.uni-trier.de}
}

@inproceedings{DBLP:conf/icdcs/JelasityM04,
  author    = {M{\'a}rk Jelasity and
               Alberto Montresor},
  title     = {{Epidemic-Style Proactive Aggregation in Large Overlay Networks}},
  booktitle = {IEEE ICDCS '04: Proc. of the Int. Conf. on Distributed Computing Systems},
  year      = {2004},
  xpages     = {102-109},
  ee        = {http://csdl.computer.org/comp/proceedings/icdcs/2004/2086/00/20860102abs.htm},
  xcrossref  = {DBLP:conf/icdcs/2004},
  bibsource = {DBLP, http://dblp.uni-trier.de}
}
@proceedings{DBLP:conf/icdcs/2004,
  title     = {24th Int. Conf. on Distributed Computing Systems
               (ICDCS 2004), 24-26 March 2004, Hachioji, Tokyo, Japan},
  booktitle = {ICDCS},
  publisher = {IEEE Computer Society},
  year      = {2004},
  bibsource = {DBLP, http://dblp.uni-trier.de}
}

@article{DBLP:journals/jss/KostoulasPGBD07,
  author    = {Dionysios Kostoulas and
               Dimitrios Psaltoulis and
               Indranil Gupta and
               Kenneth P. Birman and
               Alan J. Demers},
  title     = {{Active and Passive Techniques for Group Size Estimation
               in Large-scale and Dynamic Distributed Systems}},
  journal   = {Journal of Systems and Software},
  volume    = {80},
  number    = {10},
  year      = {2007},
  xpages     = {1639-1658},
  ee        = {http://dx.doi.org/10.1016/j.jss.2007.01.014},
  bibsource = {DBLP, http://dblp.uni-trier.de}
}



@inproceedings{DBLP:conf/europar/TolgyesiJ09,
  author    = {Norbert T{\"o}lgyesi and
               M{\'a}rk Jelasity},
  title     = {Adaptive Peer Sampling with Newscast},
  booktitle = {LNCS Euro-Par '09: Proc. of the Int. Euro-Par
               Conf.},
  year      = {2009},
  xpages     = {523-534},
  ee        = {http://dx.doi.org/10.1007/978-3-642-03869-3_50},
  xcrossref  = {DBLP:conf/europar/2009},
  bibsource = {DBLP, http://dblp.uni-trier.de}
}

@article{DBLP:journals/ipl/HorowitzM03,
  author    = {Keren Horowitz and
               Dahlia Malkhi},
  title     = {Estimating Network Size from Local Information},
  journal   = {Elsevier Information Processing Letters},
  volume    = {88},
  number    = {5},
  year      = {2003},
  xpages     = {237-243},
  ee        = {http://dx.doi.org/10.1016/j.ipl.2003.08.011},
  bibsource = {DBLP, http://dblp.uni-trier.de}
}

@inproceedings{DBLP:conf/europar/HallC09,
  author    = {Cyrus P. Hall and
               Antonio Carzaniga},
  title     = {{Uniform Sampling for Directed P2P Networks}},
  booktitle = {Springer Euro-Par '09: Proc. of Int. Euro-Par
               Conf.},
  year      = {2009},
  xpages     = {511-522},
  ee        = {http://dx.doi.org/10.1007/978-3-642-03869-3_49},
  xcrossref  = {DBLP:conf/europar/2009},
  bibsource = {DBLP, http://dblp.uni-trier.de}
}


@article{DBLP:journals/ton/DolevMS06,
  author    = {Danny Dolev and
               Osnat Mokryn and
               Yuval Shavitt},
  title     = {On Multicast Trees: Structure and oSize Estimation},
  journal   = {IEEE/ACM Transaction on Networking},
  volume    = {14},
  number    = {3},
  year      = {2006},
  xpages     = {557-567},
  ee        = {http://doi.acm.org/10.1145/1143396.1143405},
  bibsource = {DBLP, http://dblp.uni-trier.de}
}

@inproceedings{DBLP:conf/europar/JelasityP02,
  author    = {M{\'a}rk Jelasity and
               Mike Preu{\ss}},
  title     = {On Obtaining Global Information in a Peer-to-Peer Fully
               Distributed Environment (Research Note)},
  booktitle = {Springer Euro-Par '02: Proc. of the Int. Euro-Par Conf.},
  year      = {2002},
  xpages     = {573-577},
  ee        = {http://link.springer.de/link/service/series/0558/bibs/2400/24000573.htm},
  xcrossref  = {DBLP:conf/europar/2002},
  bibsource = {DBLP, http://dblp.uni-trier.de}
}

@techreport{bawa,
          number = {2003-24},
          author = {Mayank Bawa and Hector Garcia-Molina and Aristides Gionis and Rajeev Motwani},
           title = {{Estimating Aggregates on a Peer-to-Peer Network}},
            type = {Technical Report},
       publisher = {Stanford InfoLab},
            year = {2003},
     institution = {Stanford InfoLab},
}

@inproceedings{DBLP:conf/dsn/GuptaRB01,
  author    = {Indranil Gupta and
               Robbert van Renesse and
               Kenneth P. Birman},
  title     = {{Scalable Fault-Tolerant Aggregation in Large Process Groups}},
  booktitle = {IEEE DSN '01: Proc. of the Int. Conf. on Dependable Systems and
               Networks},
  year      = {2001},
  xpages     = {433-442},
  ee        = {http://computer.org/proceedings/dsn/1101/11010433abs.htm},
  xcrossref  = {DBLP:conf/dsn/2001},
  bibsource = {DBLP, http://dblp.uni-trier.de}
}


@article{DBLP:journals/tocs/RenesseBV03,
  author    = {Robbert van Renesse and
               Kenneth P. Birman and
               Werner Vogels},
  title     = {{Astrolabe: A Robust and Scalable Technology for Distributed
               System Monitoring, Management, and Data Mining}},
  journal   = {ACM Transactions on Computer Systems},
  volume    = {21},
  number    = {2},
  year      = {2003},
  xpages     = {164-206},
  ee        = {http://doi.acm.org/10.1145/762483.762485},
  bibsource = {DBLP, http://dblp.uni-trier.de}
}

@inproceedings{DBLP:conf/iptps/RenesseBDV02,
  author    = {Robbert van Renesse and
               Kenneth P. Birman and
               Dan Dumitriu and
               Werner Vogels},
  title     = {{Scalable Management and Data Mining Using Astrolabe}},
  booktitle = {IPTPS '02: Proc. of the Int. Workshop on Peer-to-Peer Systems},
  year      = {2002},
  xpages     = {280-294},
  ee        = {http://link.springer.de/link/service/series/0558/bibs/2429/24290280.htm},
  xcrossref  = {DBLP:conf/iptps/2002},
  bibsource = {DBLP, http://dblp.uni-trier.de}
}


@inproceedings{DBLP:conf/focs/KempeDG03,
  author    = {David Kempe and
               Alin Dobra and
               Johannes Gehrke},
  title     = {{Gossip-Based Computation of Aggregate Information}},
  booktitle = {IEEE FOCS '03: Proc. of the Symposium on Foundations of Computer Science},
  year      = {2003},
  xpages     = {482-491},
}
@proceedings{DBLP:conf/focs/2003,
  title     = {44th Symposium on Foundations of Computer Science (FOCS
               2003), 11-14 October 2003, Cambridge, MA, USA, Proceedings},
  booktitle = {FOCS},
  publisher = {IEEE Computer Society},
  year      = {2003},
  isbn      = {0-7695-2040-5},
  bibsource = {DBLP, http://dblp.uni-trier.de}
}

@inproceedings{DBLP:conf/podc/TerpstraLB07,
  author    = {Wesley W. Terpstra and
               Christof Leng and
               Alejandro P. Buchmann},
  title     = {Practical Summation via Gossip},
  booktitle = {ACM PODC '07: Proc. of the Annual ACM Symposium on
               Principles of Distributed Computing},
  year      = {2007},
  xpages     = {390-391},
  ee        = {http://doi.acm.org/10.1145/1281100.1281188},
  xcrossref  = {DBLP:conf/podc/2007},
  bibsource = {DBLP, http://dblp.uni-trier.de}
}


@Misc{freepastry,
  Author         = {{Rice University, Houston, USA}},
  title = {{FreePastry}},
  HowPublished   = {http://www.freepastry.org/FreePastry/},
}

@MISC{IBM2009a,
  author = {IBM Tivoli},
  title = {Tivoli},
  HowPublished = {www.ibm.com/tivoli}
}

@MISC{Fujitsu2009,
  author = {Fujitsu},
  title = {Triole},
  HowPublished = {www.fujitsu.com/global/services/solutions/triole/}
}



@inproceedings{opendht,
  author    = {Sean C. Rhea and
               Brighten Godfrey and
               Brad Karp and
               John Kubiatowicz and
               Sylvia Ratnasamy and
               Scott Shenker and
               Ion Stoica and
               Harlan Yu},
  title     = {{OpenDHT: A Public DHT Service and its Uses}},
  booktitle = {ACM SIGCOMM '05: Proc. of the ACM Conf. on Applications, Technologies, Architectures, and Protocols for Computer    Communications},
 publisher = {ACM},
  year      = {2005},
  xpages     = {73-84},
  ee        = {http://doi.acm.org/10.1145/1080091.1080102},
  xcrossref  = {DBLP:conf/sigcomm/2005},
  bibsource = {DBLP, http://dblp.uni-trier.de}
}


@inproceedings{cryptree,
  author    = {Dominik Grolimund and
               Luzius Meisser and
               Stefan Schmid and
               Roger Wattenhofer},
  title     = {{Cryptree: A Folder Tree Structure for Cryptographic File
               Systems}},
  booktitle = {IEEE SRDS '06: Proc. of the IEEE Symposium on Reliable Distributed Systems},
  year      = {2006},
  publisher = {IEEE},
  xpages     = {189-198},
  ee        = {http://doi.ieeecomputersociety.org/10.1109/SRDS.2006.15},
  xcrossref  = {DBLP:conf/srds/2006},
  bibsource = {DBLP, http://dblp.uni-trier.de}
}
@proceedings{DBLP:conf/srds/2006,
  title     = {25th IEEE Symposium on Reliable Distributed Systems (SRDS
               2006),2-4 October 2006, Leeds, UK},
  booktitle = {SRDS},
  publisher = {IEEE Computer Society},
  year      = {2006},
  isbn      = {0-7695-2677-2},
  bibsource = {DBLP, http://dblp.uni-trier.de}
}

@InProceedings{QuorumBased,
  Author         = "Nicolas Liebau and Oliver Heckmann and Aleksandra Kovacevic and Omid Tafreschi and Markus Fidler and Andreas Mauthe and Ralf Steinmetz",
  Title          = {{A Secure Quorum Based Membership Mechanism for P2P Systems}},
  BookTitle      = {AMCIS '06: Proc. of Americas Conf. on Information Systems},
  year           = 2006
}

@techreport{graffi07aqm,
	author = {Kalman Graffi and Konstantin Pussep and Nicolas Liebau and Ralf Steinmetz},
	title = {{Taxonomy of Active Queue Management Strategies in Context of Peer-to-Peer Scenarios}},
	year = {2007},
	institution = {KOM - Multimedia Communications Lab, Technische Universit{\"a}t Darmstadt, Germany},
	xaddress = {Rundeturmstr. 10, 64283 Darmstadt, Germany},
	number = {KOM-TR-2007-01},
	language = {english},
	keywords = {Peer-to-Peer, Active Queue Management, QoS},
	research_area = {Peer-to-Peer Networking},
	URL = {www.kom.tu-darmstadt.de/~graffi/pub/Kalman.Graffi_2006_KOM.TR.2007.01_Taxonomy.of.AQM.Mechanisms.wrt.P2P.pdf},
}

@techreport{graffi07sched,
	author = {Kalman Graffi and Nicolas Liebau and Ralf Steinmetz},
	title = {{Taxonomy of Message Scheduling Strategies in Context of Peer-to-Peer Scenarios}},
	year = {2007},
	institution = {KOM - Multimedia Communications Lab, Technische Universit{\"a}t Darmstadt, Germany},
	xaddress = {Rundeturmstr. 10, 64283 Darmstadt, Germany},
	number = {KOM-TR-2007-02},
	language = {englisch},
	research_area = {Peer-to-Peer Networking},
	URL = {www.kom.tu-darmstadt.de/~graffi/pub/Kalman.Graffi_2006_KOM.TR.2007.02_Taxonomy.of.Scheduling.Mechanisms.wrt.P2P.pdf},
}

@inproceedings{graffi07overlay,
  author    = {Kalman Graffi and
               Konstantin Pussep and
               Sebastian Kaune and
               Aleksandra Kovacevic and
               Nicolas Liebau and
               Ralf Steinmetz},
  title     = {{Overlay Bandwidth Management: Scheduling and Active Queue
               Management of Overlay Flows}},
  booktitle = {IEEE LCN '07: Proc. of the Annual Conf. on Local Computer Networks},
 xpublisher = {IEEE},
  year      = {2007},
  xpages     = {334-342},
  ee        = {http://doi.ieeecomputersociety.org/10.1109/LCN.2007.116},
  xcrossref  = {DBLP:conf/lcn/2007},
  bibsource = {DBLP, http://dblp.uni-trier.de}
}

@inproceedings{Yeung2009Decentralisations,
  author = {Yeung, Ching  and Liccardi, Ilaria  and Lu, Kanghao and Seneviratne, Oshani and Berners-Lee, Tim},
  booktitle = {W3C FSN '09: Proc. of the W3C Workshop on the Future of Social Networking Position Papers },
  title = {{Decentralization: The Future of Online Social Networking}},
  year = {2009}
}

@Misc{wuala,
  Author         = {{Caleido AG}},
  title = {Wuala},
  HowPublished   = {http://www.wua.la},
}

@book{groove,
 author = {Edwards, James},
 title = {{Peer-to-Peer Programming on Groove}},
 year = {2002},
 isbn = {0-672-32332-x},
 publisher = {Addison-Wesley Professional},
 }

@inproceedings{DBLP:conf/wetice/BocciarelliDA07,
  author    = {Paolo Bocciarelli and
               Andrea D'Ambrogio and
               Michele Angelaccio},
  title     = {{QShare: QoS-Enabled Description and Discovery of Services
               in SOA-Based P2P Applications}},
  booktitle = {IEEE WETICE '07: Proc. of Int. Workshops on Enabling Technologies: Infrastructures for Collaborative Enterprises},
  year      = {2007},
  xpages     = {159-166},
  ee        = {http://doi.ieeecomputersociety.org/10.1109/WETICE.2007.165},
  xcrossref  = {DBLP:conf/wetice/2007},
  bibsource = {DBLP, http://dblp.uni-trier.de}
}

@inproceedings{DBLP:conf/wetice/AmorettiRZC05,
  author    = {Michele Amoretti and
               Monica Reggiani and
               Francesco Zanichelli and
               Gianni Conte},
  title     = {{SP2A: Enabling Service-Oriented Grids using a Peer-to-Peer
               Approach}},
  booktitle = {IEEE WETICE '05: Proc. of Int. Workshops on Enabling Technologies: Infrastructures for Collaborative Enterprises},
  year      = {2005},
  xpages     = {301-304},
  ee        = {http://doi.ieeecomputersociety.org/10.1109/WETICE.2005.54},
  xcrossref  = {DBLP:conf/wetice/2005},
  bibsource = {DBLP, http://dblp.uni-trier.de}
}

@inproceedings{DBLP:conf/europar/LabnoBB08,
  author    = {Bartlomiej Labno and
               Marian Bubak and
               Bartosz Balis},
  title     = {{A P2P Approach to Resource Discovery in On-Line Monitoring
               of Grid Workflows}},
  booktitle = {Springer Euro-Par '08: Proc. of the Int.
               Euro-Par Conf. on Parallel Processing},
  year      = {2008},
  xpages     = {37-46},
  ee        = {http://dx.doi.org/10.1007/978-3-540-85451-7_5},
  xcrossref  = {DBLP:conf/europar/2008},
  bibsource = {DBLP, http://dblp.uni-trier.de}
}

@inproceedings{DBLP:conf/iciw/GharzouliB09,
  author    = {Mohamed Gharzouli and
               Mahmoud Boufa\"{\i}da},
  title     = {{A Generic P2P Collaborative Strategy for Discovering and
               Composing Semantic Web Services}},
  booktitle = {IEEE ICIW '09: Proc. of the Int. Conf. on Internet and Web Applications and Services},
  year      = {2009},
  xpages     = {449-454},
  ee        = {http://dx.doi.org/10.1109/ICIW.2009.72},
  xcrossref  = {DBLP:conf/iciw/2009},
  bibsource = {DBLP, http://dblp.uni-trier.de}
}

@inproceedings{DBLP:conf/dexaw/SchintkeSR03,
 author    = {Florian Schintke and
               Thorsten Sch{\"u}tt and
               Alexander Reinefeld},
  title     = {{A Framework for Self-Optimizing Grids Using P2P Components}},
  booktitle = {IEEE DEXA '03: Proc. of the Int. Workshop on Database and Expert Systems Applications},
  year      = {2003},
  xpages     = {689-693},
  ee        = {http://csdl.computer.org/comp/proceedings/dexa/2003/1993/00/19930689abs.htm},
  xcrossref  = {DBLP:conf/dexaw/2003},
  bibsource = {DBLP, http://dblp.uni-trier.de}
}

@inproceedings{DBLP:conf/p2p/XieMD09,
  author    = {Haiyong Xie and
               Bonan Min and
               Yafei Dai},
  title     = {SODA: Towards a Framework for Self Optimization via Demand
               Adaptation in Peer-to-Peer Networks},
  booktitle = {IEEE P2P '09: Proc. of the Int. Conf. on
               Peer-to-Peer Computing},
  year      = {2009},
  xpages     = {163-170},
  ee        = {http://dx.doi.org/10.1109/P2P.2009.5284510},
  xcrossref  = {DBLP:conf/p2p/2009},
  bibsource = {DBLP, http://dblp.uni-trier.de}
}

@inproceedings{DBLP:conf/gcc/CaoKWC03,
  author    = {Jiannong Cao and
               Oscar M. K. Kwong and
               Xianbing Wang and
               Wentong Cai},
  title     = {{A Peer-to-Peer Approach to Task Scheduling in Computation
               Grid}},
  booktitle = {Springer GCC '04: Proc. of the Int. Workshop on Grid and Cooperative Computing},
  year      = {2003},
  publisher = {Springer},
  series    = {LNCS},
  volume    = {3032},
  xpages     = {316-323},
  ee        = {http://springerlink.metapress.com/openurl.asp?genre=article{\&}issn=0302-9743{\&}volume=3032{\&}spage=316},
  xcrossref  = {DBLP:conf/gcc/2003-1},
  bibsource = {DBLP, http://dblp.uni-trier.de}
}

@inproceedings{DBLP:conf/icdcsw/PoonC02,
  author    = {Wang-kee Poon and
               Jiannong Cao},
  title     = {{Rheeve: A Plug-n-Play Peer-to-Peer Computing Platform}},
  booktitle = {IEEE ICDCS '02: Proc. of the Int. Conf. on Distributed Computing Systems, Workshops},
  year      = {2002},
  xpages     = {706-716},
  ee        = {http://csdl.computer.org/comp/proceedings/icdcsw/2002/1588/00/15880706abs.htm},
  xcrossref  = {DBLP:conf/icdcsw/2002},
  bibsource = {DBLP, http://dblp.uni-trier.de}
}

@article{DBLP:journals/tjs/LiCLVP09,
  author    = {Deng Li and
               Zhigang Chen and
               Hui Liu and
               Athanasios V. Vasilakos and
               Yi Pan},
    title     = {{IPBGA: A hybrid P2P based Grid Architecture by using Information Pool Protocol}},
  journal   = {Springer Journal of Supercomputing},
  volume    = {49},
  number    = {2},
  year      = {2009},
  xpages     = {159-189},
  ee        = {http://dx.doi.org/10.1007/s11227-008-0226-9},
  bibsource = {DBLP, http://dblp.uni-trier.de}
}

@inproceedings{DBLP:conf/aaai/GolbeckR08,
  author    = {Jennifer Golbeck and
               Matthew Rothstein},
  title     = {{Linking Social Networks on the Web with FOAF: A Semantic Web Case Study}},
  booktitle = {AAAI '08: Proc. of the AAAI Conf. on Artificial Intelligence},
  year      = {2008},
  xpages     = {1138-1143},
  xcrossref  = {DBLP:conf/aaai/2008},
  bibsource = {DBLP, http://dblp.uni-trier.de}
}

@inproceedings{	liebau07impact,
	author = {Nicolas Liebau and Konstantin Pussep and Kalman Graffi and Sebastian Kaune
and Eric Jahn and Andr{\'e} Beyer and Ralf Steinmetz},
	title = {{The Impact Of The P2P Paradigm}},
	year = {2007},
	booktitle = {AMCIS '07: Proc. of Americas Conf. on Information Systems},
}

@misc{snmp,
  author = {J. Case and M. Fedor and M. Schoffstall and J. Davin},
  number = 1067,
  organization = {{Internet Engineering Task Force}},
  publisher = {IETF},
  series = {Request for Comments},
  title = {{RFC 1157: Simple Network Management Protocol (SNMP)}},
  howpublished = {http://www.ietf.org/rfc/rfc1157.txt},
  year = 1990,
}

@misc{snmp2,
  author = {J. Case and M. Fedor and M. Schoffstall and J. Davin},
  number = 1067,
  organization = {{Internet Engineering Task Force}},
  publisher = {IETF},
  series = {Request for Comments},
  title = {{RFC 1098: Simple Network Management Protocol (SNMP)}},
  howpublished = {http://www.ietf.org/rfc/rfc1098.txt},
  year = 1989,
}

@article{DBLP:journals/dse/BochmannH97,
  author    = {Gregor von Bochmann and
               Abdelhakim Hafid},
  title     = {{Some Principles for Quality of Service Management}},
  journal   = {Distributed Systems Engineering},
  volume    = {4},
  number    = {1},
  year      = {1997},
  xpages     = {16-27},
  ee        = {http://dx.doi.org/10.1088/0967-1846/4/1/003},
  bibsource = {DBLP, http://dblp.uni-trier.de}
}

@inproceedings{DBLP:conf/ipps/CavanaughWS01,
  author    = {Charles Cavanaugh and
               Lonnie R. Welch and
               Behrooz Shirazi},
  title     = {Towards a Characterization of Quality of Service Management Approaches in Distributed, Real-time Systems},
  booktitle = {{IEEE IPDPS '01: Proc. of the Int. Parallel and Distributed
               Processing Symposium}},
  year      = {2001},
 publisher = {IEEE},
  xpages     = {970 - 977},
  xcrossref  = {DBLP:conf/ipps/2001},
  bibsource = {DBLP, http://dblp.uni-trier.de}
}

@inproceedings{DBLP:conf/ifip5-7/ThobenSSET06,
  author    = {Klaus-Dieter Thoben and
               Marcus Seifert and
               Patrick Sitek and
               Markus Emde and
               Roberto Tarditi},
  title     = {{Concept for Quality Control Management Services in Distributed Design Networks - Conceptual Paper}},
  booktitle = {Springer APMS '06: Proc. of the Conf. on Advances in Production Management Systems},
  year      = {2006},
  xpages     = {461-471},
  ee        = {http://dx.doi.org/10.1007/978-0-387-77249-3_48},
  xcrossref  = {DBLP:conf/ifip5-7/2006apms},
  bibsource = {DBLP, http://dblp.uni-trier.de}
}

@article{DBLP:journals/ijnm/KimCH02,
  author    = {Myung-Sup Kim and
               Mi-Joung Choi and
               James Won-Ki Hong},
  title     = {{A Load Cluster Management System using SNMP and Web}},
  journal   = {Int. Journal on Network Management},
  volume    = {12},
  number    = {6},
  year      = {2002},
  xpages     = {367-378},
  ee        = {http://dx.doi.org/10.1002/nem.453},
  bibsource = {DBLP, http://dblp.uni-trier.de}
}

@inproceedings{DBLP:conf/dsn/DuarteB02,
  author    = {Elias Proc{\'o}pio Duarte Jr. and
               Luis Carlos Erpen De Bona},
  title     = {A Dependable SNMP-based Tool for Distributed Network Management},
  booktitle = {IEEE DSN' 02: Int. Conf. on Dependable Systems and
               Networks},
  year      = {2002},
  xpages     = {279-284},
  ee        = {http://computer.org/proceedings/dsn/1597/15970279abs.htm},
  xcrossref  = {DBLP:conf/dsn/2002},
  bibsource = {DBLP, http://dblp.uni-trier.de}
}

@inproceedings{DBLP:conf/iptps/ZhangSZ03,
  author    = {Zheng Zhang and
               Shuming Shi and
               Jing Zhu},
  title     = {{SOMO: Self-Organized Metadata Overlay for Resource Management in P2P DHT}},
  booktitle = {IPTPS '03: Proc. of the Int. Workshop on Peer-to-Peer Systems},
  year      = {2003},
  xpages     = {170-182},
  ee        = {http://springerlink.metapress.com/openurl.asp?genre=article{\&}issn=0302-9743{\&}volume=2735{\&}spage=170},
  xcrossref  = {DBLP:conf/iptps/2003},
  bibsource = {DBLP, http://dblp.uni-trier.de}
}
@proceedings{DBLP:conf/iptps/2003,
  editor    = {M. Frans Kaashoek and
               Ion Stoica},
  title     = {Peer-to-Peer Systems II, Second Int. Workshop,
               IPTPS 2003, Berkeley, CA, USA, February 21-22,2003, Revised
               Papers},
  booktitle = {IPTPS},
  publisher = {Springer},
  series    = {LNCS},
  volume    = {2735},
  year      = {2003},
  isbn      = {3-540-40724-3},
  bibsource = {DBLP, http://dblp.uni-trier.de}
}

@inproceedings{DBLP:conf/ike/RajputR04,
  author    = {Adil Rajput and
               Shmuel Rotenstreich},
  title     = {{Making a Case for Resource Management in a P2P Environment}},
  booktitle = {CSREA IKE '04: Proc. of the Int. Conf. on Information
               and Knowledge Engineering},
  year      = {2004},
  publisher = {CSREA Press},
  xpages     = {475-484},
  xcrossref  = {DBLP:conf/ike/2004},
  bibsource = {DBLP, http://dblp.uni-trier.de}
}

@inproceedings{DBLP:conf/pdcat/DanR05,
  author    = {Wang Dan and
               Zhao Rongjuan},
  title     = {{A Layered Resource Management Model in P2P System}},
  booktitle = {IEEE PDCAT '05: Proc. of the Int. Conf. on Parallel and Distributed
               Computing, Applications and Technologies},
  year      = {2005},
  xpages     = {569-572},
  ee        = {http://doi.ieeecomputersociety.org/10.1109/PDCAT.2005.18},
  xcrossref  = {DBLP:conf/pdcat/2005},
  bibsource = {DBLP, http://dblp.uni-trier.de}
}

@inproceedings{DBLP:conf/kivs/BinzenhoferT05,
  author    = {Andreas Binzenh{\"o}fer and
               Kurt Tutschku},
  title     = {{DNA - A P2P-based Framework for Distributed Network Management}},
  booktitle = {Proc. of KiVS Kurzbeitr{\"a}ge und Workshop},
  year      = {2005},
  xpages     = {135-138},
  xcrossref  = {DBLP:conf/kivs/2005kw},
  bibsource = {DBLP, http://dblp.uni-trier.de}
}

@inproceedings{DBLP:conf/IEEEscc/UppuluriJJL05,
  author    = {Prem Uppuluri and
               Narendranadh Jabisetti and
               Uday Joshi and
               Yugyung Lee},
  title     = {{P2P Grid: Service Oriented Framework for Distributed Resource Management}},
  booktitle = {IEEE SCC '05: Proc. of the Int. Conf. on Services Computing},
  year      = {2005},
  xpages     = {347-350},
  ee        = {http://doi.ieeecomputersociety.org/10.1109/SCC.2005.70},
  xcrossref  = {DBLP:conf/IEEEscc/2005},
  bibsource = {DBLP, http://dblp.uni-trier.de}
}
@proceedings{DBLP:conf/IEEEscc/2005,
  title     = {2005 IEEE Int. Conf. on Services Computing
               (SCC 2005), 11-15 July 2005, Orlando, FL, USA},
  booktitle = {IEEE SCC},
  publisher = {IEEE Computer Society},
  year      = {2005},
  isbn      = {0-7695-2408-7},
  bibsource = {DBLP, http://dblp.uni-trier.de}
}

@inproceedings{DBLP:conf/eurongi/BinzenhoferTGFA05,
  author    = {Andreas Binzenh{\"o}fer and
               Kurt Tutschku and
               Bj{\"o}rn auf dem Graben and
               Markus Fiedler and
               Patrik Arlos},
  title     = {{A P2P-Based Framework for Distributed Network Management}},
  booktitle = {EuroNGI Workshop '06: Proc. of the Int. Workshop of the EURO-NGI
               Network of Excellence on Wireless Systems and Network Architectures in Next Generation
               Internet},
  year      = {2005},
 publisher = {Springer},
  series    = {LNCS},
  volume    = {3883},
  xpages     = {198-210},
  ee        = {http://dx.doi.org/10.1007/11750673_16},
  xcrossref  = {DBLP:conf/eurongi/2005},
  bibsource = {DBLP, http://dblp.uni-trier.de}
}

@inproceedings{DBLP:conf/dsom/DoyenNF05,
  author    = {Guillaume Doyen and
               Emmanuel Nataf and
               Olivier Festor},
  title     = {{A Hierarchical Architecture for a Distributed Management
               of P2P Networks and Services}},
  booktitle = {Springer DSOM'05: Proc. of the Int. Workshop
               on Distributed Systems: Operations and Management},
  year      = {2005},
  publisher = {Springer},
  series    = {LNCS},
  volume    = {3775},
  xpages     = {257-268},
  ee        = {http://dx.doi.org/10.1007/11568285_22},
  xcrossref  = {DBLP:conf/dsom/2005},
  bibsource = {DBLP, http://dblp.uni-trier.de}
}

@inproceedings{DBLP:conf/noms/CarrollFLMGC06,
  author    = {Ray Carroll and
               Claire Fahy and
               Elyes Lehtihet and
               Sven van der Meer and
               Nektarios Georgalas and
               David Cleary},
  title     = {{Applying the P2P Paradigm to Management of Large-scale Distributed Networks using a Model Driven Approach}},
  booktitle = {IEEE NOMS '06: Proc. of the IEEE/IFIP Network Operations and Management Symposium},
  year      = {2006},
  ee        = {http://dx.doi.org/10.1109/NOMS.2006.1687605},
  xcrossref  = {DBLP:conf/noms/2006},
  bibsource = {DBLP, http://dblp.uni-trier.de}
}

@inproceedings{DBLP:conf/iscc/PanissonRMGAT06,
  author    = {Andr{\'e} Panisson and
               Diego Moreira da Rosa and
               Cristina Melchiors and
               Lisandro Zambenedetti Granville and
               Maria Janilce Bosquiroli Almeida and
               Liane Margarida Rockenbach Tarouco},
  title     = {{Designing the Architecture of P2P-Based Network Management Systems}},
  booktitle = {IEEE ISCC '06: Proc. of the IEEE Symposium on Computers and Communications},
  year      = {2006},
  publisher = {IEEE},
  xpages     = {69-75},
  ee        = {http://doi.ieeecomputersociety.org/10.1109/ISCC.2006.60},
  xcrossref  = {DBLP:conf/iscc/2006},
  bibsource = {DBLP, http://dblp.uni-trier.de}
}

@inproceedings{DBLP:conf/pakdd/YangLSW07,
  author    = {Cheng Yang and
               Jianbo Liu and
               Aina Sui and
               Yongbin Wang},
  title     = {{A Digital Rights Management Architecture for Multimedia in P2P}},
  booktitle = {PAKDD Workshops '07: Proc. of the Int. Workshop on Emerging Technologies in Knowledge Discovery and Data Mining},
  year      = {2007},
  publisher = {Springer},
  series    = {LNCS},
  volume    = {4819},
  xpages     = {664-672},
  ee        = {http://dx.doi.org/10.1007/978-3-540-77018-3_66},
  xcrossref  = {DBLP:conf/pakdd/2007w},
  bibsource = {DBLP, http://dblp.uni-trier.de}
}

@inproceedings{DBLP:conf/bda/HayekRVM07,
  author    = {Rabab Hayek and
               Guillaume Raschia and
               Patrick Valduriez and
               Noureddine Mouaddib},
  title     = {{PeerSum: Summary Management in P2P Systems}},
  booktitle = {Journ{\'e}es Bases de Donn{\'e}es Avanc{\'e}es},
  year      = {2007},
  xcrossref  = {DBLP:conf/bda/2007},
  bibsource = {DBLP, http://dblp.uni-trier.de}
}

@inproceedings{DBLP:conf/icpads/BuyukkayaACH08,
  author    = {Eliya Buyukkaya and
               Maha Abdallah and
               Romain Cavagna and
               Shun-Yun Hu},
  title     = {{GROUP: Dual-Overlay State Management for P2P NVE}},
  booktitle = {IEEE ICPADS '08: Proc. of the Int. Conf. on Parallel and Distributed Systems},
  year      = {2008},
  xpages     = {817-822},
  ee        = {http://dx.doi.org/10.1109/ICPADS.2008.122},
  xcrossref  = {DBLP:conf/icpads/2008},
  bibsource = {DBLP, http://dblp.uni-trier.de}
}

@inproceedings{DBLP:conf/gpc/ShenSNKWY08,
  author    = {Derong Shen and
               Yichuan Shao and
               Tiezheng Nie and
               Yue Kou and
               Zhenhua Wang and
               Ge Yu},
  title     = {{HilbertChord: A P2P Framework for Service Resources Management}},
  booktitle = {Springer GPC '08: Proc. of the Int. Conf. on Advances in Grid and Pervasive Computing},
  year      = {2008},
  xpages     = {331-342},
  ee        = {http://dx.doi.org/10.1007/978-3-540-68083-3_33},
  xcrossref  = {DBLP:conf/gpc/2008},
  bibsource = {DBLP, http://dblp.uni-trier.de}
}

@inproceedings{DBLP:conf/fgcn/XuXCP08,
  author    = {Hui Xu and
               Debao Xiao and
               Yanan Chang and
               Xi Peng},
  title     = {{On Network Management Solutions and the Potential of P2P
               Technologies}},
  booktitle = {IEEE FGCN '08: Proc. of the Int. Conf. on Future Generation
               Communication and Networking},
  year      = {2008},
  xpages     = {403-406},
  ee        = {http://doi.ieeecomputersociety.org/10.1109/FGCN.2008.103},
  xcrossref  = {DBLP:conf/fgcn/2008-1},
  bibsource = {DBLP, http://dblp.uni-trier.de}
}

@inproceedings{DBLP:conf/edbt/HayekRVM08,
  author    = {Rabab Hayek and
               Guillaume Raschia and
               Patrick Valduriez and
               Noureddine Mouaddib},
  title     = {Summary Management in P2P Systems},
  booktitle = {ACM EDBT '08: Proc. of the  Int. Conf. on Extending Database
               Technology},
  publisher = {ACM},
  series    = {ACM Int. Conf. Proc. Series},
  year      = {2008},
  xpages     = {16-25},
  ee        = {http://doi.acm.org/10.1145/1353343.1353350},
  xcrossref  = {DBLP:conf/edbt/2008},
  bibsource = {DBLP, http://dblp.uni-trier.de}
}

@inproceedings{DBLP:conf/dsom/NobreG09,
  author    = {J{\'e}ferson Campos Nobre and
               Lisandro Zambenedetti Granville},
  title     = {{Consistency of States of Management Data in P2P-Based Autonomic Network Management}},
  booktitle = {IEEE DSOM '09: Proc. of the Int. Workshop on Distributed
               Systems: Operations and Management},
  year      = {2009},
  publisher = {Springer},
  series    = {LNCS},
  volume    = {5841},
  xpages     = {99-110},
  ee        = {http://dx.doi.org/10.1007/978-3-642-04989-7_8},
  xcrossref  = {DBLP:conf/dsom/2009},
  bibsource = {DBLP, http://dblp.uni-trier.de}
}

@inproceedings{DBLP:conf/aims/FioreseSB09,
  author    = {Adriano Fiorese and
               Paulo Sim{\~o}es and
               Fernando Boavida},
  title     = {{A P2P-Based Approach to Cross-Domain Network and Service Management}},
  booktitle = {Springer AIMS '09: Proc. of the Int.
               Conf. on Autonomous Infrastructure, Management and
               Security},
  year      = {2009},
  xpages     = {179-182},
  ee        = {http://dx.doi.org/10.1007/978-3-642-02627-0_16},
  xcrossref  = {DBLP:conf/aims/2009},
  bibsource = {DBLP, http://dblp.uni-trier.de}
}

@inproceedings{safebook,
  author    = {Leucio Antonio Cutillo and
               Refik Molva and
               Thorsten Strufe},
  title     = {{Safebook: Feasibility of Transitive Cooperation for Privacy on a Decentralized Social Network}},
  booktitle = {IEEE WOWMOM '09: Proc. of the IEEE Int. Symposium on a World of Wireless,
               Mobile and Multimedia Networks},
  year      = {2009},
  xpages     = {1-6},
  ee        = {http://dx.doi.org/10.1109/WOWMOM.2009.5282446},
  xcrossref  = {DBLP:conf/wowmom/2009},
  bibsource = {DBLP, http://dblp.uni-trier.de}
}

@InProceedings{peerson,
       author =    "Sonja Buchegger and Doris Schi{\"{o}}berg and Le Hung Vu and Anwitaman Datta",
       title =     {{PeerSoN: P2P Social Networking - Early Experiences and Insights}},
       booktitle = {{ACM SNS ' 09: Proc. of the ACM Workshop on Social Network Systems Social Network Systems}},
       year =      {2009},
  publisher = {ACM},
} 

@inproceedings{DBLP:conf/hpdc/IamnitchiFN02,
  author    = {Adriana Iamnitchi and
               Ian T. Foster and
               Daniel Nurmi},
  title     = {{A Peer-to-Peer Approach to Resource Location in Grid Environments}}, 
  booktitle = {IEEE HPDC '02: Proc. of the Int. Symposium on High Performance Distributed Computing},
  year      = {2002},
  xpages     = {419},
  ee        = {http://csdl.computer.org/comp/proceedings/hpdc/2002/1686/00/16860419.pdf},
  xcrossref  = {DBLP:conf/hpdc/2002},
  bibsource = {DBLP, http://dblp.uni-trier.de}
}

@ARTICLE{Durham2006,
  author = {L. Durham and J. van de Groenendaal and J. He and J. Hobbs and M.
	Milenkovic and Y. Mazin},
  title = {{Platform Support of Autonomic Computing: an Evolution of Manageability
	Architecture}},
  journal = {Intel Technology Journal},
  year = {2006},
  volume = {10},
  xpages = {253-263},
  xurl = {http://www.intel.com/technology/itj/2006/v10i4/1-platform/1-abstract.htm}
}

@article{DBLP:journals/dc/GaneshKMM07,
  author    = {Ayalvadi J. Ganesh and
               Anne-Marie Kermarrec and
               Erwan Le Merrer and
               Laurent Massouli{\'e}},
  title     = {{Peer Counting and Sampling in Overlay Networks based on Random Walks}},
  journal   = {Journal on Distributed Computing},
  volume    = {20},
  number    = {4},
  year      = {2007},
  xpages     = {267-278},
  ee        = {http://dx.doi.org/10.1007/s00446-007-0027-z},
  bibsource = {DBLP, http://dblp.uni-trier.de}
}

@inproceedings{li04aggregation,
  author    = {Ji Li and
               Dah-Yoh Lim},
  title     = {{A Robust Aggregation Tree on Distributed Hash Tables}}, 
  booktitle = {Proc. of the 2004 Student Oxygen Workshop},
  year      = {2004},
}

@inproceedings{DBLP:conf/icccn/ChutaniN95,
  author    = {Sailesh Chutani and
               Henri J. Nussbaumer},
  title     = {{Network Management and System-level Diagnosis}},
  booktitle = {IEEE ICCCN '95: Proc. of theInt. Conf. on Computer
               Communications and Networks},
  year      = {1995},
  xpages     = {280-287},
  ee        = {http://csdl.computer.org/comp/proceedings/icccn/1995/7180/00/71800280abs.htm},
  xcrossref  = {DBLP:conf/icccn/1995},
  bibsource = {DBLP, http://dblp.uni-trier.de}
}

@inproceedings{DBLP:conf/icccn/LiL95,
  author    = {Jianxin Li and
               Benjamin J. Leon},
  title     = {{A Formal Approach to Model SNMP Network Management Systems}},
  booktitle = {IEEE ICCCN '95: Proc. of the Int. Conf. on Computer
               Communications and Networks},
  year      = {1995},
  xpages     = {284},
  ee        = {http://csdl.computer.org/comp/proceedings/icccn/1995/7180/00/71800284abs.htm},
  xcrossref  = {DBLP:conf/icccn/1995},
  bibsource = {DBLP, http://dblp.uni-trier.de}
}

@article{DBLP:journals/cn/WeinstockT97,
  author    = {Jonathan Weinstock and
               Rajiv Tewari},
  title     = {{An Object-Oriented Approach to the Management of Distributed
               Application Systems}},
  journal   = {Computer Networks and ISDN Systems},
  volume    = {29},
  number    = {16},
  year      = {1997},
  xpages     = {1869-1879},
  ee        = {http://dx.doi.org/10.1016/S0169-7552(97)00092-5},
  bibsource = {DBLP, http://dblp.uni-trier.de}
}
@inproceedings{DBLP:conf/dsn/RowanhillVK04,
  author    = {Jonathan C. Rowanhill and
               Philip E. Varner and
               John C. Knight},
  title     = {{Efficient Hierarchic Management For Reconfiguration of Networked
               Information Systems}},
  booktitle = {IEEE DSN '04: Proc. of the Int. Conf. on Dependable Systems and
               Networks},
  year      = {2004},
  xpages     = {517-526},
  ee        = {http://csdl.computer.org/comp/proceedings/dsn/2004/2052/00/20520517abs.htm},
  xcrossref  = {DBLP:conf/dsn/2004},
  bibsource = {DBLP, http://dblp.uni-trier.de}
}

@inproceedings{DBLP:conf/iwdc/UpadhayaVGS04,
  author    = {Ashutosh Upadhaya and
               Saurabh Vashishtha and
               Raman Grover and
               Anil Kumar Sarje},
  title     = {{Network Management System Using Web Server Controlled Mobile
               Agents}},
  booktitle = {Springer IWDC '04: Proc. of the Int. Workshop on Distributed Computing},
  publisher = {Springer},
  series    = {LNCS},
  volume    = {3326},
  year      = {2004},
  xpages     = {540},
  ee        = {http://springerlink.metapress.com/openurl.asp?genre=article{\&}issn=0302-9743{\&}volume=3326{\&}spage=540},
  xcrossref  = {DBLP:conf/iwdc/2004},
  bibsource = {DBLP, http://dblp.uni-trier.de}
}

@inproceedings{DBLP:conf/im/MathieuSGCJOBSC07,
  author    = {Bertrand Mathieu and
               Meng Song and
               Alex Galis and
               Lawrence Cheng and
               Kerry Jean and
               Roel Ocampo and
               Marcus Brunner and
               Martin Stiemerling and
               Marco Cassini},
  title     = {{Self-Management of Context-Aware Overlay Ambient Networks}},
  booktitle = {IEEE INM '07: Proc. of the Int.
               Symposium on Integrated Network Management},
  year      = {2007},
  xpages     = {749-752},
  ee        = {http://dx.doi.org/10.1109/INM.2007.374704},
  xcrossref  = {DBLP:conf/im/2007},
  bibsource = {DBLP, http://dblp.uni-trier.de}
}

@inproceedings{DBLP:conf/noms/deMeerT02,
  author    = {Hermann de Meer and
               Kurt Tutschku},
  title     = {{A Performance Management Architecture for Peer-to-Peer Services
               based on Application-level Active Networks}},
  booktitle = {IEEE NOMS '02: Proc. of the IEEE/IFIP Network Operations and Management Symposium},
  year      = {2002},
  xpages     = {927-929},
  ee        = {http://dx.doi.org/10.1109/NOMS.2002.1015645},
  xcrossref  = {DBLP:conf/noms/2002},
  bibsource = {DBLP, http://dblp.uni-trier.de}
}

@inproceedings{DBLP:conf/iscc/PanissonRMGAT06,
  author    = {Andr{\'e} Panisson and
               Diego Moreira da Rosa and
               Cristina Melchiors and
               Lisandro Zambenedetti Granville and
               Maria Janilce Bosquiroli Almeida and
               Liane Margarida Rockenbach Tarouco},
  title     = {{Designing the Architecture of P2P-Based Network Management
               Systems}},
  booktitle = {IEEE ISCC '06: Proc. of the IEEE Symposium on Computers and
               Communications},
  year      = {2006},
  xpages     = {69-75},
  ee        = {http://doi.ieeecomputersociety.org/10.1109/ISCC.2006.60},
  xcrossref  = {DBLP:conf/iscc/2006},
  bibsource = {DBLP, http://dblp.uni-trier.de}
}

@INPROCEEDINGS{Strassner2006,
  author = {Strassner, John and Agoulmine, N. and Lehtihet, E.},
  title = {{FOCALE: A Novel Autonomic Networking Architecture}},
  booktitle = {LAACS '06: Proc. of the Latin American Autonomic Computing Symposium},
  year = {2006},  
}

@INPROCEEDINGS{VanDerMeer2006,
  author = {S. {van der Meer} and A. Davy and S. Davy and R. Carroll and B. Jennings
	and J. Strassner},
  title = {{Autonomic Networking: Prototype Implementation of the Policy Continuum}},
  booktitle = {IEEE BCN' 06: Proc. of the Int. Workshop on Broadband Convergence Networks},
  year = {2006}
}

@INPROCEEDINGS{Brake2008,
  author = {Brake, Nevon and Cordy, {James R.} and Dan, Elizabeth and Litoiu,
	Marin and Popescu, Valentina},
  title = {Automating Discovery of Software Tuning Parameters},
  booktitle = {ACM SEAMS '08: Proc. of the Int. Workshop on Software
	Engineering for Adaptive and Self-Managing Systems},
  year = {2008},
  xpages = {65--72},
  publisher = {ACM},
  doi = {http://doi.acm.org/10.1145/1370018.1370031},
  isbn = {978-1-60558-037-1},
  location = {Leipzig, Germany}
}

@MASTERSTHESIS{Exner2007,
  author = {Exner},
  title = {{Techniques for Approximation and Optimization of IBM DB2 UDB Performance
	Functions (in German)}},
  school = {University of Jena, Germany},
  year = {2007},
}

@inproceedings{DBLP:conf/icse/StoreyWM97,
  author    = {Margaret-Anne D. Storey and
               Kenny Wong and
               Hausi A. M{\"u}ller},
  title     = {{Rigi: A Visualization Environment for Reverse Engineering}},
  booktitle = {ACM ICSE '97: Proc. of Int. Conf. on Software
	Engineering},
  year      = {1997},
publisher = {ACM},
  xpages     = {606-607},
  ee        = {http://doi.acm.org/10.1145/253228.253496},
  bibsource = {DBLP, http://dblp.uni-trier.de}
}

@inproceedings{DBLP:conf/icse/Beyer06,
  author    = {Dirk Beyer},
  title     = {{Relational Programming with CrocoPat}},
  booktitle = {ACM ICSE '06: Proc. of Int. Conf. on Software
	Engineering},
  year      = {2006},
publisher = {ACM},
  xpages     = {807-810},
  ee        = {http://doi.acm.org/10.1145/1134420},
  xcrossref  = {DBLP:conf/icse/2006},
  bibsource = {DBLP, http://dblp.uni-trier.de}
}

@INPROCEEDINGS{Rabinovitch2007,
  author = {Rabinovitch, Gennadi and Wiese, David},
  title = {Non-linear Optimization of Performance Functions for Autonomic Database
	Performance Tuning},
  booktitle = {IEEE ICAS '07: Proc. of the Int. Conf. on Autonomic
	and Autonomous Systems},
  year = {2007},
  xpages = {48},
  publisher = {IEEE},
  isbn = {0-7695-2859-5}
}


@TECHREPORT{Weise2008,
  author = {Weise, Thomas and Skubch, Hendrik and Zapf, Michael and Geihs, Kurt},
  title = {{Global Optimization Algorithms and their Application to Distributed
	Systems}},
  institution = {Distributed Systems Group, FB 16, University of Kassel},
  year = {2008},
  type = {Kasseler Informatikschriften (KIS)},
  number = {2008, 3},
  url = {http://www.vs.uni-kassel.de/publications/2008/WSZG08}
}

@BOOK{Goldberg1989,
  title = {{Genetic Algorithms in Search, Optimization, and Machine Learning}},
  publisher = {{Addison-Wesley Professional}},
  year = {1989},
  author = {Goldberg, David E. },
}

@BOOK{Holland1992,
  title = {{Adaptation in Natural and Artificial Systems}},
  publisher = {MIT Press},
  year = {1992},
  author = {Holland, John H. },
  address = {Cambridge, MA, USA},
  isbn = {0262581116},
}

@TECHREPORT{Koza1990,
  author = {Koza, John R.},
  title = {{Genetic Programming: A Paradigm for Genetically Breeding Populations
	of Computer Programs to Solve Problems}},
  institution = {Stanford University},
  year = {1990},
  publisher = {Stanford University},
}

@INPROCEEDINGS{Khuri1997,
  author = {Khuri, Sami and Chiu, Teresa},
  title = {{Heuristic Algorithms for the Terminal Assignment Problem}},
  booktitle = {ACM SAC '97: Proc. of the ACM Symposium on Applied Computing},
  year = {1997},
  xpages = {247--251},
  publisher = {ACM},
}

@INPROCEEDINGS{Kirkwood1997,
  author = {Kirkwood, I. and Shami, S. and Sinclair, M.},
  title = {{Discovering Simple Fault-Tolerant Routing Rules using Genetic Programming}},
  booktitle = {Springer ICANNGA '97: Proc. of the Internation Conf. on Artificial Neural Nets and Genetic Algorithms},
  year = {1997},
  publisher = {Springer},
  isbn = {3-211-83087-1},
}

@ARTICLE{Nakano2007,
  author = {Nakano, Tadashi and Suda, Tatsuya},
  title = {{Applying Biological Principles to Designs of Network Services}},
  journal = {Elsevier Journal on Applied Soft Computing},
  year = {2007},
  volume = {7},
  xpages = {870--878},
  number = {3},
  address = {Amsterdam, The Netherlands, The Netherlands},
  doi = {http://dx.doi.org/10.1016/j.asoc.2006.04.006},
  issn = {1568-4946},
  publisher = {Elsevier Science Publishers B. V.}
}

@inproceedings{DBLP:conf/lcn/MogreGHS07,
  author    = {Parag S. Mogre and
               Kalman Graffi and
               Matthias Hollick and
               Ralf Steinmetz},
  title     = {{AntSec, WatchAnt, and AntRep: Innovative Security Mechanisms
               for Wireless Mesh Networks}},
  booktitle = {IEEE LCN '07: Proc. of the Annual Conf. on Local Computer Networks },
  publisher = {IEEE},
  year      = {2007},
  xpages     = {539-547},
  ee        = {http://doi.ieeecomputersociety.org/10.1109/LCN.2007.35},
  xcrossref  = {DBLP:conf/lcn/2007},
  bibsource = {DBLP, http://dblp.uni-trier.de}
}

@article{DBLP:journals/tec/DorigoG97,
  author    = {Marco Dorigo and
               Luca Maria Gambardella},
  title     = {{Ant Colony System: A Cooperative Learning Approach to the
               Traveling Salesman Problem}},
  journal   = {IEEE Transactions on Evolutionary Computation},
  volume    = {1},
  number    = {1},
  year      = {1997},
  xpages     = {53-66},
  bibsource = {DBLP, http://dblp.uni-trier.de}
}

@inproceedings{DBLP:conf/iat/TamakiFNK08,
  author    = {Hiroshi Tamaki and
               Ken-ichi Fukui and
               Masayuki Numao and
               Satoshi Kurihara},
  title     = {{Pheromone Approach to the Adaptive Discovery of Sensor-Network Topology}},
  booktitle = {IEEE IAT '08: Proc. of the Int. Conf. on Intelligent Agent Technology},
  year      = {2008},
  xpages     = {41-47},
  ee        = {http://dx.doi.org/10.1109/WIIAT.2008.143},
  xcrossref  = {DBLP:conf/iat/2008},
  bibsource = {DBLP, http://dblp.uni-trier.de}
}

@inproceedings{DBLP:conf/autonomics/UmlauftE08,
  author    = {Martina Umlauft and
               Wilfried Elmenreich},
  title     = {{QoS-Aware Ant Routing with Colored Pheromones in Wireless Mesh Networks}},
  booktitle = {Proc. of the Int. Conf. on Autonomic Computing and Communication Systemss},
  year      = {2008},
  xpages     = {31},
  ee        = {http://doi.acm.org/10.1145/1487652.1487683},
  xcrossref  = {DBLP:conf/autonomics/2008},
  bibsource = {DBLP, http://dblp.uni-trier.de}
}

@ARTICLE{Lorpunmanee2008,
  author = {Siriluck Lorpunmanee and Mohd Noor Sap and Abdul Hanan Abdullah and
	Chai Chompoo-Inwai},
  title = {{An Ant Colony Optimization for Dynamic Job Scheduling in Grid Environment}},
  year = {2008},
  publisher = {unknown},
  journal = {Int. Journal of Computer and Information Science and Engineering},
  volume = {1},
  number = {4},
}

@article{DBLP:journals/winet/ChamberlandP05,
  author    = {Steven Chamberland and
               Samuel Pierre},
  title     = {{On the Design Problem of Cellular Wireless Networks}},
  journal   = {Springer Wireless Networks},
  volume    = {11},
  number    = {4},
  year      = {2005},
  xpages     = {489-496},
  publisher = {Springer},
  ee        = {http://dx.doi.org/10.1007/s11276-005-1770-3},
  bibsource = {DBLP, http://dblp.uni-trier.de}
}


@inproceedings{DBLP:conf/cit/GhaboosiH06,
  author    = {Nejla Ghaboosi and
               Abolfazl Toroghi Haghighat},
  title     = {{A Tabu Search Based Algorithm for Multicast Routing with QoS Constraints}},
  booktitle = {IEEE ICIT '06: Proc. of the Int. Conf. in Information Technology},
  year      = {2006},
  xpages     = {33-39},
  ee        = {http://doi.ieeecomputersociety.org/10.1109/ICIT.2006.22},
  xcrossref  = {DBLP:conf/cit/2006},
  bibsource = {DBLP, http://dblp.uni-trier.de}
}

@article{DBLP:journals/jcss/SubrataZL07,
  author    = {Riky Subrata and
               Albert Y. Zomaya and
               Bj{\"o}rn Landfeldt},
  title     = {{Artificial Life Techniques for Load Balancing in Computational Grids}},
  journal   = {Journal on Computer System Sciences},
  volume    = {73},
  number    = {8},
  year      = {2007},
  xpages     = {1176-1190},
  ee        = {http://dx.doi.org/10.1016/j.jcss.2007.02.006},
  bibsource = {DBLP, http://dblp.uni-trier.de}
}

@inproceedings{DBLP:conf/icpads/GraffiKWS07,
  author    = {Kalman Graffi and
               Aleksandra Kovacevic and
               Kyra Wulffert and
               Ralf Steinmetz},
  title     = {{ECHoP2P: Emergency call handling over peer-to-peer overlays}},
  booktitle = {IEEE ICPADS '07: Proc. of the Int. Conf. on Parallel and Distributed
               Systems},
  year      = {2007},
  xpages     = {1-10},
  ee        = {http://doi.ieeecomputersociety.org/10.1109/ICPADS.2007.4447809},
  xcrossref  = {DBLP:conf/icpads/2007},
  bibsource = {DBLP, http://dblp.uni-trier.de}
}

@inproceedings{DBLP:conf/iptps/LoZZLZ04,
  author    = {Virginia Mary Lo and
               Daniel Zappala and
               Dayi Zhou and
               Yuhong Liu and
               Shanyu Zhao},
  title     = {{Cluster Computing on the Fly: P2P Scheduling of Idle Cycles
               in the Internet}},
  booktitle = {IPTPS '04: Proc. of the Int. Workshop on Peer-to-Peer Systems},
  year      = {2004},
  publisher = {Springer},
  series    = {LNCS},
  volume    = {3279},
  xpages     = {227-236}
}

@article{DBLP:journals/comcom/EgerK07,
  author    = {Kolja Eger and
               Ulrich Killat},
  title     = {Fair resource allocation in peer-to-peer networks (extended
               version)},
  journal   = {Journal on Computer Communications},
  volume    = {30},
  number    = {16},
  year      = {2007},
  xpages     = {3046-3054},
}

@inproceedings{DBLP:conf/nossdav/GraffiKPKS08,
  author    = {Kalman Graffi and
               Sebastian Kaune and
               Konstantin Pussep and
               Aleksandra Kovacevic and
               Ralf Steinmetz},
  title     = {{Load Balancing for Multimedia Streaming in Heterogeneous Peer-to-Peer Systems}},
  booktitle = {ACM NOSSDAV '08: Proc. of the Int. Workshop on Network and Operating System Support for Digital Audio and Video},
  year      = {2008},
  xpages     = {99-104}
}

@inproceedings{DBLP:conf/p2p/WangDO08,
  author    = {Qiang Wang and
               Khuzaima Daudjee and
               M. Tamer {\"O}zsu},
  title     = {{Popularity-Aware Prefetch in P2P Range Caching}},
  booktitle = {IEEE P2P '08: Proc. of the Int. Conf. on Peer-to-Peer
               Computing},
  publisher = {IEEE},
  year      = {2008},
  xpages     = {53-62}
}

@inproceedings{DBLP:conf/p2p/ZhangLCL08,
  author    = {Yiming Zhang and
               Dongsheng Li and
               Lei Chen 0002 and
               Xicheng Lu},
  title     = {{Flexible Routing in Grouped DHTs}},
  booktitle = {IEEE P2P '08: Proc. of the IEEE  Int. Conf. on Peer-to-Peer
               Computing},
  publisher = {IEEE},
  year      = {2008},
  xpages     = {109-118},
  ee        = {http://doi.ieeecomputersociety.org/10.1109/P2P.2008.43},
  xcrossref  = {DBLP:conf/p2p/2008},
  bibsource = {DBLP, http://dblp.uni-trier.de}
}

@article{tapestry,
  author    = {Ben Y. Zhao and
               John Kubiatowicz and
               Anthony D. Joseph},
  title     = {{Tapestry: A Fault-tolerant Wide-area Application Infrastructure}},
  journal   = {Computer Communication Review},
  volume    = {32},
  number    = {1},
  year      = {2002},
  xpages     = {81},
  ee        = {http://doi.acm.org/10.1145/510726.510755},
  bibsource = {DBLP, http://dblp.uni-trier.de}
}

@inproceedings{DBLP:conf/icdcs/BindalCCMSBZ06,
  author    = {Ruchir Bindal and
               Pei Cao and
               William Chan and
               Jan Medved and
               George Suwala and
               Tony Bates and
               Amy Zhang},
  title     = {{Improving Traffic Locality in BitTorrent via Biased Neighbor
               Selection}},
  booktitle = {IEEE ICDCS '06: Proc. of the Int. Conf. on Distributed Computing
               Systems},
  publisher = {IEEE},
  year      = {2006},
  xpages     = {66},
  ee        = {http://doi.ieeecomputersociety.org/10.1109/ICDCS.2006.48},
  xcrossref  = {DBLP:conf/icdcs/2006},
  bibsource = {DBLP, http://dblp.uni-trier.de}
}

@inproceedings{DBLP:conf/sigcomm/XieYKLS08,
  author    = {Haiyong Xie and
               Yang Richard Yang and
               Arvind Krishnamurthy and
               Yanbin Grace Liu and
               Abraham Silberschatz},
  title     = {{P4P: Provider Portal for Applications}},
  booktitle = {ACM SIGCOMM '08: Proc. of the ACM Conf. on Applications,
               Technologies, Architectures, and Protocols for Computer Communications},
  year      = {2008},
  xpages     = {351-362},
  ee        = {http://doi.acm.org/10.1145/1402958.1402999},
  xcrossref  = {DBLP:conf/sigcomm/2008},
  bibsource = {DBLP, http://dblp.uni-trier.de}
}

@inproceedings{DBLP:conf/sigcomm/ChoffnesB08,
  author    = {David R. Choffnes and
               Fabi{\'a}n E. Bustamante},
  title     = {{Taming the Torrent: A Practical Approach to Reducing Cross-ISP
               Traffic in Peer-to-Peer Systems}},
  booktitle = {ACM SIGCOMM '08: Proc. of the ACM Conf. on Applications,
               Technologies, Architectures, and Protocols for Computer Communications},
  year      = {2008},
  xpages     = {363-374},
  ee        = {http://doi.acm.org/10.1145/1402958.1403000},
  xcrossref  = {DBLP:conf/sigcomm/2008},
  bibsource = {DBLP, http://dblp.uni-trier.de}
}

@inproceedings{DBLP:conf/p2p/KovacevicLS07,
  author    = {Aleksandra Kovacevic and
               Nicolas Liebau and
               Ralf Steinmetz},
  title     = {{Globase.KOM - A P2P Overlay for Fully Retrievable Location-based Search}},
  booktitle = {IEEE P2P '07: Proc. of the Int. Conf. on Peer-to-Peer Computing},
  year      = {2007},
  xpages     = {87-96},
  ee        = {http://doi.ieeecomputersociety.org/10.1109/P2P.2007.18},
  xcrossref  = {DBLP:conf/p2p/2007},
  bibsource = {DBLP, http://dblp.uni-trier.de}
}

@inproceedings{DBLP:conf/p2p/KauneLKP08,
  author    = {Sebastian Kaune and
               Tobias Lauinger and
               Aleksandra Kovacevic and
               Konstantin Pussep},
  title     = {{Embracing the Peer Next Door: Proximity in Kademlia}},
  booktitle = {IEEE P2P '08: Proc. of the Int. Conf. on Peer-to-Peer Computing},
  year      = {2008},
  xpages     = {343-350},
  ee        = {http://doi.ieeecomputersociety.org/10.1109/P2P.2008.36},
  xcrossref  = {DBLP:conf/p2p/2008},
  bibsource = {DBLP, http://dblp.uni-trier.de}
}

@TECHREPORT{Abid2008,
  author = {Abid, M. and Berl, Andreas and Boudjemil, Z. and Cheniour, Abderhaman
	and Davy, Steven and Denazis, Spyros and Galis, Alex and Gelas, Jean-Patrick
	and Fahy, Claire and Fischer, Andreas and Rubio Loyola, Javier and
	Lef\`evre, Laurent and Macedo, Daniel and Mamatas, Lefteris and de
	Meer, Hermann and Movahedi, Z. and Strassner, John and Zimmermann,
	H.},
  title = {{Autonomic Internet Initial Framework - Deliverable D6.1}},
  institution = {INRIA},
  year = {2008},
}

@ARTICLE{Agrawal2005,
  author = {Agrawal, Dakshi and  Kang-Won, Lee and Lobo, Jorge},
  title = {{Policy-based Management of Networked Computing Systems}},
  journal = {IEEE Communications Magazine},
  year = {2005},
  volume = {43},
  xpages = {69 - 75},
  owner = {Michael},
  timestamp = {2009.03.24}
}

@Misc{ youtube,
	author = "{YouTube - Broadcast Yourself}",
	howpublished = "http://www.youtube.com"
}

@Misc{ kazaa,
	author = "{Sharman Networks}",
	title = {{KaZaA}},
	howpublished = "http://www.kazaa.com",
}
@Misc{ zattoo,
	author = {{Zattoo Europa AG}},
	title = {{Zattoo - TV to Go}},
	howpublished = "http://www.zatoo.com",
}

@Misc{oracle,
  Author         = {Oracle},
  title         = {{Oracle Database}},
  HowPublished   = {http://www.oracle.com},
}


@Misc{ jxta,
	author = "Bernard Traversat and Ahkil Arora and Mohamed Abdelaziz and Mike Duigou and Carl Haywood and Jean-christophe Hugly and Eric Pouyoul and Bill Yeager",
	title = {{Project JXTA 2.0 Super-Peer Virtual Network}},
	howpublished = "http://www.jxta.org",
	year = "2004"
}

@MISC{Horn2001,
  author = {Horn, Paul},
  title = {{Autonomic Computing: IBM's Perspective on the State of Information Technology}},
  year = {2001},
  publisher = {IBM},
  howpublished = {http://www.research.ibm.com/autonomic/}
}

@inproceedings{splitstream,
        title = {{SplitStream: High-Bandwidth Content Distribution in Cooperative Environments}},
        author = {Miguel Castro and Peter Druschel and Anne-Marie Kermarrec and Animesh Nandi and Antony I. T. Rowstron and Atul Singh},
        booktitle = {IPTPS '03: Proc. of the Int. Workshop on Peer-To-Peer Systems},
        editor = {M. Frans Kaashoek and Ion Stoica},
        xpages = {292-303},
        publisher = {Springer},
        series = {LNCS},
        volume = 2735,
        year = 2003,
}


@TechReport{peerfactsimfirst,
  Author         = {Kovacevic, Aleksandra and Kaune, Sebastian and Heckel,
                   Hans and Mink, Andre and Graffi, Kalman and Heckmann,
                   Oliver and Steinmetz, Ralf},
  Title          = {{PeerfactSim.KOM - A Simulator for Large-Scale
                   Peer-to-Peer Networks}},
  Number         = {Tr-2006-06},
  Institution        = {Technische Universit\"at Darmstadt, Germany},
  xnote          = {ftp://ftp.kom.tu-darmstadt.de/pub/TR/KOM-TR-2006-06.pdf},
  year           = 2006
}

@Article{ peerfactsimsecond,
	author = "Aleksandra Kovacevic and Sebastian Kaune and Patrick Mukherjee and Nicolas Liebau and Ralf Steinmetz",
	title = {{Benchmarking Platform for Peer-to-Peer Systems}},
	xjournal = "it - Information Technology",
	number = {5},
	xpages = {312-319},
	volume = {49},
	publisher = "Oldenbourg Wissenschaftsverlag Munich, Germany",
	journal = "it - Information Technology (Methods and Applications of Informatics and Information Technology)",
	year = "2007"
}

@Misc{ mysql,
	author = {{Sun Microsystems}},
	title = {{MySQL Server}},
	howpublished = "http://www.mysql.com",
}

@Misc{ apache,
	author = {{Apache Software Foundation}},
	title = {{Apache HTTP Server}},
	howpublished = "http://httpd.apache.org/",
	year = "1996"
}

@Misc{ typo3,
	author = "Kasper Skarhoj",
	title = {{TYPO3}},
	howpublished = "http://www.typo3.org/",
	year = "2002"
}

@Misc{ mediawiki,
	author = {{Wikimedia}},
	title = {{MediaWiki}},
	howpublished = "http://www.mediawiki.org/",
	year = "2002"
}


 @misc {ftp,
   author = {  J. Postel and J. Reynolds},
    title = {{RFC 959: File Transfer Protocol (FTP)}},
howpublished = "http://tools.ietf.org/html/rfc959",
     year = {1985},
 }         

@misc {email,
   author = {  David H. Crocker},
    title = {{RFC 822: ARPA Internet Text Messages}},
howpublished = "http://tools.ietf.org/html/rfc822",
     year = {1982},
 }         

@misc {telnet,
   author = { J. Postel and J. Reynolds},
    title = {{RFC 854: Telnet Protocol Specification}},
howpublished = "http://tools.ietf.org/html/rfc854",
     year = {1983},
 }     

@misc {www,
   author = {Tim Berners-Lee},
    title = {{World Wide Web}},
howpublished = "http://info.cern.ch/",
     year = {1991},
 }     

 @misc {tcp,
   author = { Robert E. Kahn and Vinton G. Cerf},
    title = {{RFC 793: Transmission Control Protocol}},
howpublished = "http://tools.ietf.org/html/rfc793",
     year = {1981},
 }         


@Article{ mersenne,
	author = "{GIMPS project}",
	title = "Great {I}nternet {M}ersenne {P}rime {S}earch",
	note = "http://www.mersenne.org",
	year = "1996"
}

@Manual{ osgi,
	title = "{O}{SG}i {S}ervice {P}latform, {R}elease 3",
	organization = "IOS Press",
	year = "2003"
}

@Misc{ openchord,
	author = "K. Loesing and S. Kaffille",
	title = {{OpenChord}},
	howpublished = "http://sourceforge.net/projects/open-chord/",
	year = "2006"
}


@Misc{ simpastry,
	author = "Microsoft",
	title = {{SimPastry}},
	howpublished = "http://research.microsoft.com/",
}

@Book{ unix86,
	author = "Maurice J. Bach",
	title = {{The Design of the UNIX Operating System}},
	publisher = "Prentice-Hall, Inc.",
	ISBN = "0-13-201799-7",
	year = "1986"
}

@Misc{ bittorrentdna,
	author = "{BitTorrent}",
	title = "{BitTorrent DNA}",
	howpublished = "http://www.bittorrent.com/dna/"
}

@Article{ Stoica2003,
	author = {Ion Stoica and Robert Morris and David Liben-Nowell and David R. Karger and M. Frans Kaashoek and Frank Dabek and Hari Balakrishnan},
	title = {{Chord: A Scalable Peer-to-Peer Lookup Protocol for Internet Applications}},
	journal = "IEEE/ACM Transactions of Networking",
	year = "2003",
	volume = "11",
	xpages = "17--32",
	number = "1",
	ISSN = "1063-6692",
	publisher = "IEEE",
}

@article{gnp,
 author = {Ng, T. S. Eugene and Zhang, Hui},
 title = {{Global Network Positioning: A New Approach to Network Distance Prediction}},
 journal = {ACM SIGCOMM Computer Communications Review},
 volume = {32},
 number = {1},
 year = {2002},
 issn = {0146-4833},
 xpages = {61--61},
 publisher = {ACM},
 }

@TechReport{ kadmeasurements,
	author = {Moritz Steiner and Taoufik En-Najjary and Biersack, Ernst W.},
	title = {{Analyzing Peer Behavior in KAD}},
	institution = "Institute Eurecom",
	year = "2007",
	number = "EURECOM+2358",
}

@Misc{ pplive,
	author = {PPTv},
	title = {{PPLive - The Largest World Wide Internet TV Network}},
	howpublished = "http://www.pplive.com/"
}

@Misc{ lifesocial,
	author = {Kalman Graffi},
	title = {{LifeSocial.KOM}},
	howpublished = "http://www.lifesocial.org/",
}

@book{distributedsystem,
  AUTHOR = {G. F. Coulouris and J. Dollimore},
  TITLE = {{Distributed Systems: Concepts and Design}},
  YEAR = 1988,
  PUBLISHER = {Addison-Wesley},
  ADDRESS = {Wokingham, England},
}

@book{	steinmetzp2p,
	author = {Ralf Steinmetz and Klaus Wehrle},
	title = {{Peer-to-Peer Systems and Applications}},
	year = {2005},
	series = {LNCS},
        volume = 3485,
	publisher = {Springer},
}

@Misc{ freenet,
	author = "Ian Clarke",
	title = {{Freenet - The Free Network}},
	howpublished = "http://freenetproject.org",
}

@Misc{ arpanet,
	author = "DARPA",
	title = {{Arpanet (Advanced Research Projects Agency Network)}},
	year = "1969"
}

@Misc{ bittorrent,
	author = "Bram Cohen",
	title = {{BitTorrent}},
	howpublished = "http://www.bittorrent.com"
}


@Misc{ skype,
	author = {Skype},
	title = {{Skype - Peer-to-peer Internet Telephony}},
	howpublished = "http://www.skype.com",
	xhowpublished = "http://www.skype.com/skype\\\\\_p2pexplained.html, http://www.skype.com",
	xtitle = "Peer-to-peer {I}nternet {T}elephony",
	year = "2004"
}

@inproceedings{kbr,
  author    = {Frank Dabek and
               Ben Y. Zhao and
               Peter Druschel and
               John Kubiatowicz and
               Ion Stoica},
  title     = {{Towards a Common API for Structured Peer-to-Peer Overlays}},
  booktitle = {IPTPS '03: Proc. of the Int. Workshop on Peer-to-Peer Systems},
  year      = {2003},
  xpages     = {33-44},
  publisher = {Springer},
  series    = {LNCS},
  volume    = {2735},
  xee        = {http://springerlink.metapress.com/openurl.asp?genre=article{\&}issn=0302-9743{\&}volume=2735{\&}spage=33},
  xcrossref  = {DBLP:conf/iptps/2003},
  bibsource = {DBLP, http://dblp.uni-trier.de}
}
@proceedings{DBLP:conf/iptps/2003,
  editor    = {M. Frans Kaashoek and
               Ion Stoica},
  title     = {Peer-to-Peer Systems II, Second Int. Workshop,
               IPTPS 2003, Berkeley, CA, USA, February 21-22,2003, Revised
               Papers},
  booktitle = {IPTPS},
  publisher = {Springer},
  series    = {LNCS},
  volume    = {2735},
  year      = {2003},
  isbn      = {3-540-40724-3},
  bibsource = {DBLP, http://dblp.uni-trier.de}
}

@inproceedings{kademlia,
  author    = {Petar Maymounkov and
               David Mazi{\`e}res},
  title     = {{Kademlia: A Peer-to-Peer Information System Based on the XOR Metric}},
  booktitle = {IPTPS '02: Proc. of the Int. Workshop on Peer-To-Peer Systems},
  year      = {2002},
  publisher = {Springer},
  series    = {LNCS},
  volume    = {2429},
  xpages     = {53-65},
  xee        = {http://link.springer.de/link/service/series/0558/bibs/2429/24290053.htm},
  xcrossref  = {DBLP:conf/iptps/2002},
  xbibsource = {DBLP, http://dblp.uni-trier.de}
}
@proceedings{DBLP:conf/iptps/2002,
  editor    = {Peter Druschel and
               M. Frans Kaashoek and
               Antony I. T. Rowstron},
  title     = {Peer-to-Peer Systems, First Int. Workshop, IPTPS
               2002, Cambridge, MA, USA, March 7-8, 2002, Revised Papers},
  booktitle = {IPTPS},
  publisher = {Springer},
  series    = {LNCS},
  volume    = {2429},
  year      = {2002},
  isbn      = {3-540-44179-4},
  bibsource = {DBLP, http://dblp.uni-trier.de}
}

@InProceedings{ gummadi03measurement,
	author = "Krishna P. Gummadi and Richard J. Dunn and Stefan Saroiu and Steven D. Gribble and Henry M. Levy and John Zahorjan",
	title = {{Measurement, Modeling, and Analysis of a Peer-to-Peer File-Sharing Workload}},
	booktitle = {{ACM SOSP '03: Proc. of the ACM Symposium on Operating Systems Principles}},
	volume = "37",
	series = "Operating Systems Review",
	xpages = "314--329",
	publisher = "ACM",
	year = "2003"
}


@Misc{ edonkey2000,
	author = "MetaMachine",
	title = {{eDonkey2000}},
	howpublished = "http://www.edonkey.com",
}

@Misc{ planetlab,
	author = "PlanetLab",
	title = {{An Open Platform for Developing, Deploying, and Accessing Planetary-Scale Services}},
	howpublished = "www.planetlab.com",
}

@InProceedings{ Yalagandula2004,
	author = "Praveen Yalagandula and Mike Dahlin",
	title = {{A Scalable Distributed Information Management System}},
	booktitle = "ACM SIGCOMM '04: Proc. of the Conf. on Applications,
               Technologies, Architectures, and Protocols for Computer Communications",
	year = "2004",
	xpages = "379--390",
	xpublisher = "ACM",
}

@InProceedings{ abrecht04dasis,
	author = {Keno Albrecht and Ruedi Arnold and Michael G{\"a}hwiler and Roger Wattenhofer},
	title = {{Aggregating Information in Peer-to-Peer Systems for Improved Join and Leave}},
	booktitle = {IEEE P2P '04: Proc. of the Int. Conf. on Peer-to-Peer Computing},
	xpages = "227--234",
	publisher = "IEEE",
	year = "2004"
}

@InProceedings{ idreos04p2pdiet,
	author = "Stratos Idreos and Manolis Koubarakis and Christos Tryfonopoulos",
	title = {{P2P-DIET: An Extensible P2P Service that Unifies Ad-Hoc and Continuous Querying in Super-Peer Networks}},
	booktitle = {ACM SIGMOD '04: Proc. of the Int. Conf. on Management of Data},
	xpages = "933--934",
	xpublisher = "ACM",
	year = "2004"
}

@InProceedings{ renesse04willow,
	author = {Robbert {van Renesse} and Adrian Bozdog},
	title = {{Willow: DHT, Aggregation, and Publish/Subscribe in one Protocol}},
	booktitle = "IPTPS '04: Proc. of the Int. Workshop on Peer-To-Peer Systems",
	xpages = "173--183",
	publisher = "Springer",
	series = "LNCS",
	volume = "3279",
	year = "2004"
}

@article{DBLP:journals/cn/JelasityMB09,
  author    = {M{\'a}rk Jelasity and
               Alberto Montresor and
               {\"O}zalp Babaoglu},
  title     = {{T-Man: Gossip-based Fast Overlay Topology Construction}},
  journal   = {Computer Networks},
  volume    = {53},
  number    = {13},
  year      = {2009},
  xpages     = {2321-2339},
}

@TechReport{ yalagandula04research,
	author = "Praveen Yalagandula and Mike Dahlin",
	title = {{Research Challenges for a Scalable Distributed Information Management System}},
	institution = "The University of Texas at Austin, Department of Computer Sciences",
	number = "CS-TR-04-48",
	xurl = "ftp://ftp.cs.utexas.edu/pub/techreports/tr04-48.pdf",
	year = "2004"
}


@proceedings{DBLP:conf/iptps/2003,
  editor    = {M. Frans Kaashoek and
               Ion Stoica},
  title     = {Peer-to-Peer Systems II, Second Internaftional Workshop,
               IPTPS 2003, Berkeley, CA, USA, February 21-22,2003, Revised
               Papers},
  booktitle = {IPTPS},
  publisher = {Springer},
  series    = {LNCS},
  volume    = {2735},
  year      = {2003},
  isbn      = {3-540-40724-3},
  bibsource = {DBLP, http://dblp.uni-trier.de}
}

@Misc{ bhagwan03cone,
	author = "R. Bhagwan and G. Varghese and G. Voelker",
	title = {{CONE: Augmenting DHTs to Support Distributed Resource Discovery}},
	howpublished = "Technical Report CS2003-0755, University of California, San Diego",
	year = "2003"
}

@inproceedings{graffi09monitoring,
  author    = {Kalman Graffi and
               Dominik Stingl and
               Julius Rueckert and
               Aleksandra Kovacevic and
               Ralf Steinmetz},
  title     = {Monitoring and Management of Structured Peer-to-Peer Systems},
  booktitle = {IEEE P2P '09: Proc. of the Int. Conf. on Peer-to-Peer Computing},
  year      = {2009},
  xpages     = {311-320}, 
}
@proceedings{DBLP:conf/p2p/2009,
  editor    = {Henning Schulzrinne and
               Karl Aberer and
               Anwitaman Datta},
  title     = {Proc. P2P 2009, Ninth Int. Conf. on
               Peer-to-Peer Computing, 9-11 September 2009, Seattle, Washington,
               USA},
  booktitle = {Peer-to-Peer Computing},
  publisher = {IEEE},
  year      = {2009},
  bibsource = {DBLP, http://dblp.uni-trier.de}
}


@InProceedings{ gia,
	author = "Yatin Chawathe and Sylvia Ratnasamy and Lee Breslau and Nick Lanham and Scott Shenker",
	title = {{Making Gnutella-like P2P systems scalable}},
	booktitle = "SIGCOMM '03: Proc. of the Conf. on Applications, Technologies, Architectures, and Protocols for Computer Communications",
	xpages = "407--418",
	publisher = "ACM",
	ISBN = "1-58113-735-4",
	year = "2003"
}

@Article{ liu03adaptive,
	author = "Jiangchuan Liu and Bo Li and Ya-Qin Zhang",
	title = {{Adaptive Video Multicast over the Internet}},
	journal = "IEEE Journal on Multimedia",
	volume = "10",
	number = "1",
	xpages = "22--33",
	year = "2003"
}

@InProceedings{ bamboodht,
	author = "{Sean Rhea and Dennis Geels and Timothy Roscoe and John Kubiatowicz}",
	title = "{Handling Churn in a DHT}",
	booktitle = "{USENIX Annual Technical Conf.}",
	year = "2004"
}

@article{pgrid,
  author    = {Karl Aberer and
               Philippe Cudr{\'e}-Mauroux and
               Anwitaman Datta and
               Zoran Despotovic and
               Manfred Hauswirth and
               Magdalena Punceva and
               Roman Schmidt},
  title     = {{P-Grid: A Self-organizing Structured P2P System}},
  journal   = {SIGMOD Record},
  volume    = {32},
  number    = {3},
  year      = {2003},
  xpages     = {29-33},
}

@Misc{ eclipse,
	author = {{Eclipse Foundation}},
	title = {{Eclipse - An Open Development Platform}},
	howpublished = "http://www.eclipse.org/"
}


@Article{ liu73scheduling,
	author = "C. L. Liu and James W. Layland",
	title = {{Scheduling Algorithms for Multiprogramming in a Hard-Real-Time Environment}},
	journal = "Journal of the ACM",
	volume = "20",
	number = "1",
	xpages = "46--61",
	ISSN = "0004-5411",
	publisher = "ACM",
	year = "1973"
}

@Misc{ kontiki,
	author = "{VeriSign}",
	title = {{Kontiki Delivery Management System}},
	howpublished = "http://www.kontiki.com"
}

@Misc{ iplayer,
	author = "{British Broadcasting Corporation}",
	title = "{B}{BC} i{P}layer",
	howpublished = "http://www.bbc.co.uk/iplayer/",
}

@Article{ shreedhar96efficient,
	author = "M. Shreedhar and George Varghese",
	title = {{Efficient Fair Queueing using Deficit Round-Robin}},
	journal = "IEEE/ACM Transactions on Networking",
	volume = "4",
	number = "3",
	xpages = "375--385",
	ISSN = "1063-6692",
	publisher = "IEEE",
	year = "1996"
}

@Misc{ octoshape,
	author  = {Octoshape},
	title = {{Octoshape - Infinite Edge}},
	howpublished = "http://www.octoshape.com"
}

@InProceedings{ do04p2vod,
	author = "T. Do and K. Hua and M. Tantaoui",
	title = {{P2VoD: Providing Fault Tolerant Video-on-Demand Streaming in Peer-to-Peer Environment}},
	booktitle = "IEEE ICC '04: Proc. of the Int. Conf. on Communications",
	xbooktitle = "I{EEE} {I}nt. {C}onf. on {C}ommunications",
	xpages = {1467--1472},
	year = "2004"
}

@Misc{ RFC3662,
	author = "R. Bless and K. Nichols and K. Wehrle",
  number = 3662,
  organization = {{Internet Engineering Task Force}},
  publisher = {IETF},
  series = {Request for Comments},
	title = {{RFC 3662: A Lower Effort Per-Domain Behavior (PDB) for Differentiated Services}},
	year = "2003",
 howpublished = {http://www.ietf.org/rfc/rfc3662.txt},
}

@misc{rsvp,
  author = {F. Le Faucheur and B. Davie and P. Bose and C. Christou and M. Davenport},
  number = 4860,
  organization = {{Internet Engineering Task Force}},
  publisher = {IETF},
  series = {Request for Comments},
  title = {{RFC 4860: Generic Aggregate Resource ReSerVation Protocol (RSVP) Reservations}},
  howpublished = {http://www.ietf.org/rfc/rfc4860.txt},
  year = 2007,
}

@Misc{ udp,
	author = "J. Postel",
	title = {{User Datagram Protocol}},
   number = 768,
  organization = {{RFC 768 - Internet Engineering Task Force}},
  publisher = {IETF},
  series = {Request for Comments},
  howpublished = {http://www.ietf.org/rfc/rfc768.txt},
	year = "1980"
}

@Misc{ ituqos,
	author = {{Int. Telecommunication Union ISO IEC 10746-2}},
	title = {ITU-T Recommendation X.902. Open Distributed Processing - Reference Model},
	year = "1995-1998"
}


@InProceedings{ can,
	author = "Sylvia Ratnasamy and Paul Francis and Mark Handley and Richard Karp and Scott Schenker",
	title = {{A Scalable Content-Addressable Network}},
	booktitle = {ACM SIGCOMM '01: Proc. of the Conf. on Applications, Technologies, Architectures, and Protocols for Computer Communications},
	volume = "31",
	number = "4",
	xpages = "161--172",
	year = "2001",
	publisher = "ACM",
}

@book{AES,
  author    = {Joan Daemen and
               Vincent Rijmen},
  title     = {{The Design of Rijndael: AES - The Advanced Encryption Standard}},
  publisher = {Springer},
  year      = {2002},
  isbn      = {3-540-42580-2},
}

@Article{RSA,
	author = "R. L. Rivest and A. Shamir and L. Adleman",
	title = {{A Method for Obtaining Digital Signatures and Public-Key Cryptosystems}},
	journal = "Communications of the ACM",
	volume = "21",
	xpages = "120--126",
	year = "1978"
}

@misc{gnutella06,
	title = {{Gnutella 0.6}},
	author = "T. Klingberg and R. Manfredi",
	howpublished = "http://rfc-gnutella.sourceforge.net/src/rfc-0\_6-draft.html",
	year = "2002"
}

@misc{gnutella,
	title = {{Gnutella}},
	author = {{Clip2 - The Gnutella Developer Forum}},
	howpublished = "http://rfc-gnutella.sourceforge.net/developer/stable/index.html",
	year = "2002"
}

@inproceedings{DBLP:conf/p2p/AbererAGGHH05,
  author    = {Karl Aberer and
               Luc Onana Alima and
               Ali Ghodsi and
               Sarunas Girdzijauskas and
               Seif Haridi and
               Manfred Hauswirth},
  title     = {{The Essence of P2P: A Reference Architecture for Overlay Networks}},
  booktitle = {IEEE P2P '05: Proc. of the Int. Conf. on Peer-to-Peer Computing},
publisher = "IEEE",
  year      = {2005},
  xpages     = {11-20},
}
@proceedings{DBLP:conf/p2p/2005,
  editor    = {Germano Caronni and
               Nathalie Weiler and
               Marcel Waldvogel and
               Nahid Shahmehri},
  title     = {Fifth IEEE Int. Conf. on Peer-to-Peer Computing
               (P2P 2005), 31 August - 2 September 2005, Konstanz, Germany},
  booktitle = {Peer-to-Peer Computing},
  publisher = {IEEE Computer Society},
  year      = {2005},
  isbn      = {0-7695-2376-5},
  bibsource = {DBLP, http://dblp.uni-trier.de}
}

@InProceedings{saroiu02measurement,
	author = "Stefan Saroiu and P. Krishna Gummadi and Steven Gribble",
	title = {{A Measurement Study of Peer-to-Peer File Sharing Systems}},
	booktitle = "SPIE MMCN '02: Proc. of the Annual Multimedia Computing and Networking",
	publisher = "SPIE",
	year = "2002"
}

@Article{esten03direction,
	author = "Cristian Estan and George Varghese",
	title = {{New Directions in Traffic Measurement and Accounting: Focusing on the Elephants, Ignoring the Mice}},
	journal = "ACM Transactions ond Computer Systems",
	volume = "21",
	number = "3",
	xpages = "270--313",
	ISSN = "0734-2071",
	publisher = "ACM",
	year = "2003"
}

@InProceedings{strauss03measurement,
	author = "Jacob Strauss and Dina Katabi and Frans Kaashoek",
	title = {{A Measurement Study of available Bandwidth Estimation Tools}},
	booktitle = "ACM IMC '03: Proc. of the ACM SIGCOMM Conf. on Internet Measurement",
	xpages = "39--44",
	publisher = "ACM",
	ISBN = "1-58113-773-7",
	year = "2003"
}

@Article{nagle87,
	author = "J. Nagle",
	title = {{On Packet Switches with Infinite Storage}},
	journal = "IEEE Transactions on Commumications",
	volume = 35,
	number = 4,
	publisher = "IEEE",
	year = "1987"
}

@Article{Katevenis91weightedroundrobin,
	author = "{Katevenis M. and Sidiropoulos C. and Courcoubetis C.}",
	title = {{Weighted Round-Robin Cell Multiplexing in a General-purpose ATM Switch Chip}},
	journal = "IEEE Journal on Selected Areas in Communications",
	volume = "9",
	number = "8",
	xpages = "1265--1279",
	publsher = "IEEE",
	year = "1991"
}

@Article{stoica98core,
	author = "Ion Stoica and Scott Shenker and Hui Zhang",
	title = {{Core-stateless Fair Queueing: Achieving Approximately Fair Bandwidth Allocations in High Speed Networks}},
	volume = "28",
	number = "4",
	xpages = "118--130",
	publisher = "ACM",
	ISSN = "0146-4833",
	journal = "SIGCOMM Computer Communications Review",
	year = "1998"
}

@inproceedings{DBLP:conf/infocom/StoicaZS02,
  author    = {Ion Stoica and
               Hui Zhang and
               Scott Shenker},
  title     = {{Self-Verifying CSFQ}},
  booktitle = {INFOCOM '02: Proc. of the  Int. Conf. on Computer
               Communications, Joint Conf. of the IEEE Computer and
               Communications Societies},
  publisher = "IEEE",
  year      = {2002},
}


@Article{floyd93red,
	author = "Sally Floyd and Van Jacobson",
	title = {{Random Early Detection Gateways for Congestion Avoidance}},
	journal = "IEEE/ACM Transactions on Networking",
	volume = "1",
	number = "4",
	xpages = "397--413",
	ISSN = "1063-6692",
	publisher = "IEEE",
	year = "1993"
}

@Article{rosolen99gentlered,
	author = "Vincent Rosolen and Olivier Bonaventure and Guy Leduc",
	title = {{A RED Discard Strategy for ATM Networks and its Performance Evaluation with TCP/IP Traffic}},
	journal = "SIGCOMM Computer Communications Review",
	volume = "29",
	number = "3",
	xpages = "23--43",
	ISSN = "0146-4833",
	publisher = "ACM",
	year = "1999"
}

@TechReport{floyd01adaptivered,
	author = "Sally Floyd and Ramakrishna Gummadi and  and Scott Shenker",
	title = {{Adaptive RED: An Algorithm for Increasing the Robustness of RED's Active Queue Management}},
	institute = "http://www.icir.org/floyd/red.html",
	year = "2001"
}

@InProceedings{ott99stabilizedred,
	author = "Teunis J. Ott and T. V. Lakshman and Larry H. Wong",
	title = {{SRED: Stabilized RED}},
booktitle = {INFOCOM '99: Proc. of the  Int. Conf. on Computer
               Communications, Joint Conf. of the IEEE Computer and
               Communications Societies},
  publisher = "IEEE",
	volume = "3",
	xpages = "1346--1355",
	year = "1999"
}

@InProceedings{lin97dynamics,
	author = "Dong Lin and Robert Morris",
	title = {{Dynamics of Random Early Detection}},
	booktitle = {{ACM SIGCOMM '97: Proc. of the Conf. on Applications, Technologies, Architectures, and Protocols for Computer Communication}},
	xpages = "127--137",
	publisher = "ACM",
	ISBN = "0-89791-905-X",
	year = "1997"
}


@inproceedings{DBLP:conf/icnp/MahajanFW01,
  author    = {Ratul Mahajan and
               Sally Floyd and
               David Wetherall},
  title     = {{Controlling High-Bandwidth Flows at the Congested Router}},
  booktitle = {IEEE ICNP '01: Proc. of the Int. Conf. on Network Protocols},
  year      = {2001},
  publisher = "IEEE",
  xpages     = {192-201},
}
@proceedings{DBLP:conf/icnp/2001,
  title     = {9th Int. Conf. on Network Protocols (ICNP
               2001), 11-14 November 2001, Riverside, CA, USA},
  booktitle = {ICNP},
  publisher = {IEEE Computer Society},
  year      = {2001},
  isbn      = {0-7695-1429-4},
  bibsource = {DBLP, http://dblp.uni-trier.de}
}

@InProceedings{ pan00choke,
	author = "Rong Pan and B. Prabhakar and K. Psounis",
	title = "{CHOKe} - a stateless active queue management scheme for approximating fair bandwidth allocation",
	booktitle = {INFOCOM '00: Proc. of the  Int. Conf. on Computer
               Communications, Joint Conf. of the IEEE Computer and Communications Societies},
 	publisher = "IEEE",
	xpages = "942--951",
	year = "2000"
}

@Article{liu05exponentialred,
	author = "Shao Liu and Tamer Basar and R. Srikant",
	title = {{Exponential-RED: A Stabilizing AQM Scheme for Low- and High-Speed TCP Protocols}},
	journal = "IEEE/ACM Transactions on Networking",
	volume = "13",
	number = "5",
	xpages = "1068--1081",
	ISSN = "1063-6692",
	publisher = "IEEE",
	year = "2005"
}

@inproceedings{DBLP:conf/percom/HofeldTA05,
  author    = {Tobias Ho{\ss}feld and
               Kurt Tutschku and
               Frank-Uwe Andersen},
  title     = {{Mapping of File-Sharing onto Mobile Environments: Enhancement by UMTS}},
  booktitle = {IEEE PerCom Workshops '05: Proc. of the IEEE Conf. on Pervasive Computing and Communications Workshops},
  year      = {2005},
  xpages     = {43--49},
}
@proceedings{DBLP:conf/percom/2005w,
  title     = {3rd IEEE Conf. on Pervasive Computing and Communications
               Workshops (PerCom 2005 Workshops), 8-12 March 2005, Kauai
               Island, HI, USA},
  booktitle = {PerCom Workshops},
  publisher = {IEEE Computer Society},
  year      = {2005},
  isbn      = {0-7695-2300-5},
  bibsource = {DBLP, http://dblp.uni-trier.de}
}

@InProceedings{hossfeld05gprs,
	author = "Tobias Ho{\ss}feld and Kurt Tutschku and Frank-Uwe Andersen",
	title = {{Mapping of File-Sharing onto Mobile Environments: Feasibility and Performance of eDonkey with GPRS}},
	booktitle = "IEEE WCNC '05: Proc. of the IEEE Wireless and Communications and Networking Conf.",
	year = "2005"
}

@inproceedings{DBLP:conf/iptps/BharambeRPS005,
  author    = {Ashwin R. Bharambe and
               Sanjay G. Rao and
               Venkata N. Padmanabhan and
               Srinivasan Seshan and
               Hui Zhang},
  title     = {{The Impact of Heterogeneous Bandwidth Constraints on DHT-Based Multicast Protocols}},
  booktitle = {IPTPS '05: Proc. of the Int. Workshop on Peer-To-Peer Systems},
  year      = {2005},
  xpages     = {115--126},
  publisher = {Springer},
  series    = {LNCS},
  volume    = {3640},
}
@proceedings{DBLP:conf/iptps/2005,
  editor    = {Miguel Castro and
               Robbert van Renesse},
  title     = {Peer-to-Peer Systems IV, 4th Int. Workshop, IPTPS
               2005, Ithaca, NY, USA, February 24-25, 2005, Revised Selected
               Papers},
  booktitle = {IPTPS},
  publisher = {Springer},
  series    = {LNCS},
  volume    = {3640},
  year      = {2005},
  isbn      = {3-540-29068-0},
  bibsource = {DBLP, http://dblp.uni-trier.de}
}

@inproceedings{DBLP:conf/nossdav/RejaieO03,
  author    = {Reza Rejaie and
               Antonio Ortega},
  title     = {{PALS: Peer-to-Peer Adaptive Layered Streaming}},
  booktitle = {ACM NOSSDAV '03: Proc. of the Int. Workshop on Network and Operating System Support for Digital Audio and Video},
  publisher = "ACM",
  year      = {2003},
  xpages     = {153--161},
}

@proceedings{DBLP:conf/nossdav/2003,
  editor    = {Christos Papadopoulos and
               Kevin C. Almeroth},
  title     = {Network and Operating System Support for Digital Audio and
               Video, 13th Int. Workshop, NOSSDAV 2003, Monterey,
               CA, USA, June 1-3, 2003, Proceedings},
  booktitle = {NOSSDAV},
  publisher = {ACM},
  year      = {2003},
  isbn      = {1-58113-694-3},
  bibsource = {DBLP, http://dblp.uni-trier.de}
}


@InProceedings{ yeh05frame,
	author = "Chun-Chao Yeh and Lin Siong Pui",
	title = {{On the Frame-Forwarding in Peer-to-Peer Multimedia Streaming}},
	booktitle = "ACM P2PMMS'05: Proc. of the ACM Workshop on Advances in Peer-to-Peer Multimedia Streaming",
	publisher = "ACM",
	xpages = "1--10",
	ISBN = "1-59593-248-8",
	year = "2005"
}

@InProceedings{ annapureddy07exploring,
	author = "Siddhartha Annapureddy and Saikat Guha and Christos Gkantsidis and Dinan Gunawardena and Pablo Rodriguez",
	title = {{Exploring VoD in P2P Swarming Systems}},
	booktitle = "INFOCOM '07: Proc. of the  Int. Conf. on Computer
               Communications, Joint Conf. of the IEEE Computer and Communications Societies",
	xpages = "2571--2575",
	publisher = "IEEE",
	year = "2007"
}

@Article{ zhang91virtualclock,
	author = "Lixia Zhang",
	title = {{VirtualClock: a new traffic control algorithm for packet-switched networks}},
	journal = "ACM Transactions on Computer Systems",
	volume = "9",
	number = "2",
	xpages = "101--124",
	ISSN = "0734-2071",
	publisher = "ACM",
	year = "1991"
}

@InProceedings{ shah07multimedia,
	author = "P. Shah and J.-F. Paris",
	title = {{Peer-to-Peer Multimedia Streaming Using BitTorrent}},
	booktitle = "IEEE IPCCC'07: Proc. of the Int. Performance, Computing, and Communications Conf.",
	xpages = "340--347",
	year = "2007"
}

@InProceedings{ cohen2003incentives,
	author = "Bram Cohen",
	title = {{Incentives Build Robustness in BitTorrent}},
	booktitle = "P2PECON '03: Proc. of the Workshop on Economics of Peer-to-Peer Systems",
	year = "2003"
}

@InProceedings{ lian06robust,
	author = "Qiao Lian and Yu Peng and Mao Yang and Zheng Zhang and Yafei Dai and Xiaoming Li",
	title = {{Robust Incentives via Multi-level Tit-for-Tat}},
	booktitle = "IPTPS '06: Proc. of the Int. Workshop on Peer-to-Peer Systems",
	year = "2006"
}

@InProceedings{ li_05_performance,
	author = "Jinyang Li and Jeremy Stribling and Robert Morris and M. Frans Kaashoek and Thomer M. Gil",
	title = "{A Performance vs. Cost Framework for Evaluating DHT Design Tradeoffs under Churn}",
	booktitle = "{Proc. of INFOCOM}",
	year = "2005"
}

@inproceedings{DBLP:conf/infocom/LiSMKG05,
  author    = {Jinyang Li and
               Jeremy Stribling and
               Robert Morris and
               M. Frans Kaashoek and
               Thomer M. Gil},
  title     = {{A Performance vs. Cost Framework for Evaluating DHT Design Tradeoffs under Churn}},
  booktitle = {INFOCOM '05: Proc. of the Int. Conf. on Computer
               Communications, Joint Conf. of the IEEE Computer and Communications Societies},
  year      = {2005},
  xpages     = {225-236},
  publisher = {IEEE},
}
@proceedings{DBLP:conf/infocom/2005,
  title     = {INFOCOM 2005. 24th Annual Joint Conf. of the IEEE Computer
               and Communications Societies, 13-17 March 2005, Miami, FL,
               USA},
  booktitle = {INFOCOM},
  publisher = {IEEE},
  year      = {2005},
  bibsource = {DBLP, http://dblp.uni-trier.de}
}

@inproceedings{DBLP:conf/www/NejdlWSSSBL03,
  author    = {Wolfgang Nejdl and
               Martin Wolpers and
               Wolf Siberski and
               Christoph Schmitz and
               Mario T. Schlosser and
               Ingo Brunkhorst and
               Alexander L{\"o}ser},
  title     = {{Super-Peer-based Routing and Clustering Strategies for RDF-based
               Peer-to-Peer Networks}},
  booktitle = {ACM WWW '03: Proc. of the Int. Conf. on World Wide Web},
  publisher = "ACM",
  year      = {2003},
  xpages     = {536-543},
}

@inproceedings{DBLP:conf/fast/KallahallaRSWF03,
  author    = {Mahesh Kallahalla and
               Erik Riedel and
               Ram Swaminathan and
               Qian Wang and
               Kevin Fu},
  title     = {{Plutus: Scalable Secure File Sharing on Untrusted Storage}},
  booktitle = {USENIX FAST '03: Proc. of the Conf. on File and Storage
               Technologies},
  publisher = "USENIX",
  year      = {2003},
}
@proceedings{DBLP:conf/fast/2003,
  title     = {Proc. of the FAST '03 Conf. on File and Storage
               Technologies, March 31 - April 2, 2003, Cathedral Hill Hotel,
               San Francisco, California, USA},
  booktitle = {FAST},
  publisher = {USENIX},
  year      = {2003},
  bibsource = {DBLP, http://dblp.uni-trier.de}
}

@Article{ hurley01abe,
	author = "P. Hurley and J. Boudec and P. Thiran and M. Kara",
	title = {{ABE: Providing a Low-Delay Service within Best-Effort}},
	journal = "IEEE Network",
	volume = "15",
	number = "3",
	xpages = "60--69"
}

@proceedings{DBLP:conf/icpads/2008,
  title     = {14th Int. Conf. on Parallel and Distributed
               Systems (ICPADS 2008), December 8-10, 2008, Melbourne, Victoria,
               Australia},
  booktitle = {ICPADS},
  publisher = {IEEE},
  year      = {2008},
  bibsource = {DBLP, http://dblp.uni-trier.de}
}

@inproceedings{DBLP:conf/globecom/GraffiMHS07,
  author    = {Kalman Graffi and
               Parag S. Mogre and
               Matthias Hollick and
               Ralf Steinmetz},
  title     = {{Detection of Colluding Misbehaving Nodes in Mobile Ad Hoc and Wireless Mesh Networks}},
  booktitle = {IEEE GLOBECOM '07: Proc. of the Global Communications Conf.},
  year      = {2007},
  publisher = {IEEE},
  xpages     = {5097-5101},
}
@proceedings{DBLP:conf/globecom/2007,
  title     = {Proc. of the Global Communications Conf., 2007.
               GLOBECOM '07, Washington, DC, USA, 26-30 November 2007},
  booktitle = {GLOBECOM},
  publisher = {IEEE},
  year      = {2007},
  bibsource = {DBLP, http://dblp.uni-trier.de}
}

@inproceedings{DBLP:conf/ism/GraffiPMKS08,
  author    = {Kalman Graffi and
               Sergey Podrajanski and
               Patrick Mukherjee and
               Aleksandra Kovacevic and
               Ralf Steinmetz},
  title     = {{A Distributed Platform for Multimedia Communities}},
  booktitle = {IEEE ISM '08: Proc. of the Int. Symposium on Multimedia},
  year      = {2008},
  xpages     = {208-213},
 publisher = {IEEE}
}

@inproceedings{DBLP:conf/ipps/AbboudKGPS09,
  author    = {Osama Abboud and
               Aleksandra Kovacevic and
               Kalman Graffi and
               Konstantin Pussep and
               Ralf Steinmetz},
  title     = {{Underlay Awareness in P2P systems: Techniques and Challenges}},
  booktitle = {IEEE IPDPS '09: Proc. of the Int. Symposium on Parallel and Distributed Processing},
  year      = {2009},
  xpages     = {1-8},
  publisher = {IEEE},
}



@InProceedings{ graffi11p2p,
	author = "Kalman Graffi",
	title = {{PeerfactSim.KOM: A P2P System Simulator – Experiences and Lessons Learned}},
	year = "2011",
	booktitle = {{IEEE P2P '11: Proc. of the Int. Conf. on Peer-to-Peer Computing}},
	research_area = "Peer-to-Peer Networking",
}

@InProceedings{ graffi11ccnc,
	author = "Kalman Graffi and Christian Gro{\ss} and Dominik Stingl and Daniel Hartung and Aleksandra Kovacevic and Ralf Steinmetz",
	title = {{LifeSocial.KOM: A Secure and P2P-based Solution for Online Social Networks}},
	year = "2011",
	booktitle = {{IEEE CCNC '11: Proc. of the IEEE Consumer Communications and Networking Conf.}},
	research_area = "Peer-to-Peer Networking",
}


@InProceedings{ graffi10icpads,
	author = "Kalman Graffi and Christian Gro{\ss} and Dominik Stingl and Hoang Nguyen and Aleksandra Kovacevic and Ralf Steinmetz",
	title = {{Towards a P2P Cloud: Reliable Resource Reservations in Unreliable P2P Systems}},
	year = "2010",
	booktitle = {{IEEE ICPADS '10: Proc. of the Int. Conf. on Parallel and Distributed Systems}},
	research_area = "Peer-to-Peer Networking",
}


@InProceedings{ graffi10p2p,
	author = "Kalman Graffi and Christian Gro{\ss} and Patrick Mukherjee and Aleksandra Kovacevic and Ralf Steinmetz",
	title = {{LifeSocial.KOM: A P2P-based Platform for Secure Online Social Networks}},
	year = "2010",
	booktitle = {{IEEE P2P '10: Proc. of the Int. Conf. on Peer-to-Peer Computing}},
	research_area = "Peer-to-Peer Networking",
}

@InProceedings{ graffi09p2p,
	author = "Kalman Graffi and Dominik Stingl and Julius R{\"u}ckert and Aleksandra Kovacevic",
	title = {{Monitoring and Management of Structured Peer-to-Peer Systems}},
	year = "2009",
	booktitle = {{IEEE P2P '09: Proc. of the Int. Conf. on Peer-to-Peer Computing}},
	research_area = "Peer-to-Peer Networking",
}

@InProceedings{ graffi09lcn,
	author = "Kalman Graffi and Patrick Mukherjee and Burkhard Menges and Daniel Hartung and Aleksandra Kovacevic and Ralf Steinmetz",
	title = {{Practical Security in P2P-based Social Networks}},
	year = "2009",
	booktitle = {{IEEE LCN '09: Proc. of the Int. Conf. on Local Computer Networks}},
	research_area = "Peer-to-Peer Networking, Security",	
}

@InProceedings{ graffi08icpads,
	Author = "Kalman Graffi and Aleksandra Kovacevic and Song Xiao and Ralf Steinmetz",
	Title = "Sky{E}ye.{KOM}: {A}n {I}nformation {M}anagement {O}ver-{O}verlay for {G}etting the {O}racle {V}iew on {S}tructured {P}2{P} {S}ystems",
	BookTitle = {{IEEE ICPADS '08: Proc. of the Int. Conf. on Parallel and Distributed Systems}},
	year = 2008
}

@InProceedings{ graffi08ism,
	Author = "Kalman Graffi and Sergey Podrajanski and Patrick Mukherjee and Aleksandra Kovacevic and Ralf Steinmetz",
	Title = "A {D}istributed {P}latform for {M}ultimedia {C}ommunities",
	BookTitle = {{IEEE ISM '08: Proc. of the Int. Symposium on Multimedia}},
	year = 2008
}

@InProceedings{ graffi08nossdav,
	Author = "Kalman Graffi and Sebastian Kaune and Konstantin Pussep and Aleksandra Kovacevic and Ralf Steinmetz",
	Title = "Load {B}alancing for {M}ultimedia {S}treaming in {H}eterogeneous {P}eer-to-{P}eer {S}ystems",
	BookTitle = {{ACM NOSSDAV '08: Proc. of the Int. Workshop on Network and Operating Systems Support for Digital Audio and Video}},
	year = 2008
}

@InProceedings{ graffi08notere,
	Author = "Kalman Graffi and Aleksandra Kovacevic and Nicolas Liebau and Ralf Steinmetz",
	Title = "From {C}ells to {O}rganisms: {L}ong-{T}erm {G}uarantees on {S}ervice {P}rovisioning in {P}eer-to-{P}eer {N}etworks",
	BookTitle = "A{CM} {SIGAPP} {NOTERE} '08: {P}roc. of the {I}nt. {C}onf. on {N}ew {T}echnologies of {D}istributed {S}ystems",
	year = 2008
}

@InProceedings{ graffi07globecom,
	Author = "Kalman Graffi and Parag Mogre and Matthias Hollick and Ralf Steinmetz",
	Title = "Detection of {C}olluding {M}isbehaving {N}odes in {M}obile {A}d {H}oc and {M}esh {N}etworks",
	BookTitle = "I{EEE} {GLOBECOM} 07: {P}roc. of the {G}lobal {C}ommunications {C}onf., {E}xhibition \& {I}ndustry {F}orum",
	year = 2007
}

@InProceedings{ graffi07lcn,
	Author = "Kalman Graffi and Konstantin Pussep and Sebastian Kaune and Aleksandra Kovacevic and Nicolas Liebau and Ralf Steinmetz",
	Title = "Overlay {B}andwidth {M}anagement: {S}cheduling and {A}ctive {Q}ueue {M}anagement of {O}verlay {F}lows",
	BookTitle = "I{EEE} {LCN} '07: {P}roc. of the {I}nt. {C}onf. on {L}ocal {C}omputer {N}etworks",
	year = 2007
}

@InProceedings{ graffi07p2pnve,
	Author = "Kalman Graffi and Aleksandra Kovacevic and Kyra Wulffert and Ralf Steinmetz",
	Title = "E{CH}o{P}2{P}: {E}mergency {C}all {H}andling over {P}eer-to-{P}eer {O}verlays",
	BookTitle = "{IEEE P2PNVE'07: Proc. of} the {I}nt. {W}orkshop on {P}eer-to-{P}eer {N}etwork {V}irtual {E}nvironments",
	year = 2007
}




@InProceedings{ hartung11biosig,
	author = "Daniel Harting and Knut Wold and Kalman Graffi and Slobodan Petrovic",
	title = "{Towards a Biometric Random Number Generator – A General Approach For True Random Extraction From Biometric Samples}",
	year = "2011",
	booktitle = "{BIOSIG '11: Proc. of the Int. Conf. of the Special Interest Group on Biometrics Bookmark and Share}",
}

@InProceedings{ mukherjee11esosym,
	author = "Patrick Mukherjee and Karsten Saller and Aleksandra Kovacevic and Kalman Graffi and Andy Sch{\"u}err Pussep and Ralf Steinmetz",
	title = "{Tracability Link Evolution with Version Control}",
	year = "2011",
	booktitle = "{ESoSyM '11: Proc. of Evolution{\"a}re Software- und Systementwicklung - Methoden und Erfahrungen , Workshop collocated with Internation Conf. on Software Engineering 2011}",
}

@InProceedings{ abboud09hotp2p,
	author = "Osama Abboud and Aleksandra Kovacevic and Kalman Graffi and Konstantin Pussep and Ralf Steinmetz",
	title = "{Underlay Awareness in P2P Systems: Techniques and Challenges}",
	year = "2009",
	booktitle = "{IEEE IPDPS '09: Proc. of the Int. Symposium on Parallel and Distributed Processing}",
}

@InProceedings{ kovacevic08p2pnve,
	author = "Aleksandra Kovacevic and Kalman Graffi and Sebastian Kaune and Christof Leng and Ralf Steinmetz",
	title = "{Towards Benchmarking of Structured Peer-to-Peer Overlays for Network Virtual Environments}",
	year = "2008",
	booktitle = "{IEEE ICPADS '08: Proc. of the Int. Conf. on Parallel and Distributed Systems}",
}


@InProceedings{ liebau07amcis,
	author = "Nicolas Liebau and Konstantin Pussep and Kalman Graffi and Sebastian Kaune and Eric Jahn and Andr{\'e} Beyer and Ralf Steinmetz",
	title = "{The Impact Of The P2P Paradigm}",
	year = "2007",
	booktitle = "{AMCIS '07: Proc. of Americas Conf. on Information Systems}",
}


@InProceedings{ mogre07lcn,
	author = "Parag Mogre and Kalman Graffi and Matthias Hollick and Ralf Steinmetz",
	title = {{AntSec, WatchAnt and AntRep:Innovative Security Mechanisms for Wireless Mesh Networks}},
	year = "2007",
	booktitle = "{IEEE LCN '07: Proc. of the Int. Conf. on Local Computer Networks}",
}




@article{MGHS10,
	author = {Parag Mogre and Kalman Graffi and Matthias Hollick and Ralf Steinmetz},
	title = {{A Security Framework for Wireless Mesh Networks}},
	year = {2010},
	journal = {Wireless Communications and Mobile Computing Special Issue: Architectures
and Protocols for Wireless Mesh, Ad Hoc, and Sensor Networks},
	publisher = "Wiley",
}

@inproceedings{GMM+09,
	author = {Kalman Graffi and Patrick Mukherjee and Burkhard Menges and Daniel Hartung
and Aleksandra Kovacevic and Ralf Steinmetz},
	title = {{Practical Security in P2P-based Social Networks}},
	year = {2009},
	booktitle = {IEEE LCN '09: Proc. of the Annual Conf. on Local Computer Networks},
	xpages = {269-272},
	
}

@inproceedings{GKLR08,
	author = {Kalman Graffi and Aleksandra Kovacevic and Nicolas Liebau and and Ralf
Steinmetz},
	title = {{From Cells to Organisms: Long-Term Guarantees on Service Provisioning in
Peer-to-Peer Networks}},
	year = {2008},
	booktitle = {ACM SIGAPP NOTERE '08: Proc. of the Int. Conf. on New Technologies of Distributed
Systems},
	editor = {ACM},
	xpages = {1--6},
	
}

@article{GKM+07,
	author = {Kalman Graffi and Aleksandra Kovacevic and Patrick Mukherjee and Michael
Benz and Christof Leng and Dirk Bradler and Julian Schroeder-Bernhardi and
Nicolas Liebau},
	title = {{Peer-to-Peer Forschung - {\"U}berblick und Herausforderungen}},
	year = {2007},
	journal = {it - Information Technology (Methods and Applications of Informatics and
Information Technology)},
	number = {5},
	xpages = {272-279},
	volume = {49},
	issn = {1611-2776},	
}




@inproceedings{DBLP:conf/nsdi/RamasubramanianS04,
  author    = {Venugopalan Ramasubramanian and
               Emin G{\"u}n Sirer},
  title     = {{Beehive: O(1) Lookup Performance for Power-Law Query Distributions in Peer-to-Peer Overlays}},
  booktitle = {{Proc. of USENIX NSDI '04}},
  year      = {2004},
}

@techreport{SchuettSchintkeReinefeld2005,
  author      = {Thorsten Sch{\"u}tt and Florian Schintke and Alexander Reinefeld},
  title       = {{Chord\#: Structured Overlay Network for Non-Uniform Load-Distribution}},
  institution = {ZIB},
  address     = {Takustr.7, 14195 Berlin},
  number      = {05-40},
  language    = {eng},
  year        = {2005}
}

@inproceedings{Jelasity04,
  author    = {Mark Jelasity and Alberto Montresor},
  title     = {Epidemic-Style Proactive Aggregation in Large Overlay Networks},
  booktitle = {IEEE ICDCS '04: Proc. of the Int. Conf. on Distributed Computing Systems},
  year      = {2004},
}

@inproceedings{DBLP:conf/euc/ChenHXY08,
  author    = {Zhi Chen and
               Guowei Huang and
               Jingdong Xu and
               Yang Yang},
  title     = {Adaptive Load Balancing for Lookups in Heterogeneous DHT},
  booktitle = {Proc. of IEEE/IPIP EUC '08},
  year      = {2008},
}

@article{DBLP:journals/pe/SuranaGLKS06,
  author    = {Sonesh Surana and
               Brighten Godfrey and
               Karthik Lakshminarayanan and
               Richard M. Karp and
               Ion Stoica},
  title     = {{Load Balancing in Dynamic Structured Peer-to-Peer Systems}},
  journal   = {Perform. Eval.},
  volume    = {63},
  number    = {3},
  year      = {2006},
}

@inproceedings{DBLP:conf/sosp/RowstronD01,
  author    = {Antony I. T. Rowstron and
               Peter Druschel},
  title     = {{Storage Management and Caching in PAST, A Large-scale, Persistent
               Peer-to-peer Storage Utility}},
  booktitle = {Proc. of ACM SOSP '01},
  year      = {2001},
}



@inproceedings{DBLP:conf/iptps/KargerR04,
  author    = {David R. Karger and
               Matthias Ruhl},
  title     = {{Simple Efficient Load Balancing Algorithms for Peer-to-Peer Systems}},
  booktitle = {Proc. of IPTPS '04},
  year      = {2004},
}




@inproceedings{DBLP:conf/icpads/SrivatsaGL04,
  author    = {Mudhakar Srivatsa and
               Bugra Gedik and
               Ling Liu},
  title     = {{Scaling Unstructured Peer-to-Peer Networks With Multi-Tier
               Capacity-Aware Overlay Topologies}},
  booktitle = {Proc. of IEEE ICPADS '04},
  year      = {2004},
}

@article{DBLP:journals/tpds/ShenX07,
  author    = {Haiying Shen and
               Cheng-Zhong Xu},
  title     = {{Locality-Aware and Churn-Resilient Load-Balancing Algorithms
               in Structured Peer-to-Peer Networks}},
  journal   = {IEEE Trans. Parallel Distrib. Syst.},
  volume    = {18},
  number    = {6},
  year      = {2007},
}



@inproceedings{DBLP:conf/icdcs/ZhangCLC05,
  author    = {Zhan Zhang and
               Shigang Chen and
               Yibei Ling and
               Randy Chow},
  title     = {Resilient Capacity-Aware Multicast Based on Overlay Networks},
  booktitle = {Proc. of IEEE ICDCS '05},
  year      = {2005},
}




@inproceedings{DBLP:conf/sosp/CastroDKNRS03,
  author    = {Miguel Castro and
               Peter Druschel and
               Anne-Marie Kermarrec and
               Animesh Nandi and
               Antony I. T. Rowstron and
               Atul Singh},
  title     = {{SplitStream: High-bandwidth Multicast in Cooperative Environments}},
  booktitle = {Proc. of ACM SOSP '03},
  year      = {2003},
}


@INPROCEEDINGS{Bianchi06adaptiveload,
    author = {Silvia Bianchi and Sabina Serbu and Pascal Felber and Peter Kropf},
    title = {{Adaptive Load Balancing for DHT Lookups}},
    booktitle = {Proc. of IEEE ICCCN '06},
    year = {2006}
}

@inproceedings{ssb11,
    author = {S\"{u}selbeck, Richard and Schiele, Gregor A. and Komarnicki, Patricius and Becker, Christian},
    booktitle = {Proc. of IEEE P2P '11},
    title = {{Efficient Bandwidth Estimation for Peer-to-Peer Systems}},
    year = {2011}
}

@inproceedings{ls05,
  author    = {J. Ledlie and
               M. I. Seltzer},
  title     = {{Distributed, Secure Load Balancing with Skew, Heterogeneity and Churn}},
  booktitle = {Proc. of IEEE INFOCOM '05},
  year      = {2005},
}



@inproceedings{DBLP:conf/ism/GraffiPMKS08,
  author    = {Kalman Graffi and
               Sergey Podrajanski and
               Patrick Mukherjee and
               Aleksandra Kovacevic and
               Ralf Steinmetz},
  title     = {{A Distributed Platform for Multimedia Communities}},
  booktitle = {Proc. of IEEE ISM '08},
  year      = {2008},
}

@inproceedings{hll04,
  author    = {F. Hong and
               M. Li and
               X. Lu and
               Y. Wang and
               J. Yu and
               Y. Li},
  title     = {{VChord: Constructing Peer-to-Peer Overlay Network by Exploiting Heterogeneity}},
  booktitle = {Proc. of the EUC '04}, 
  year      = {2004},
}


@inproceedings{Benevenuto:2009:CUB:1644893.1644900,
 author = {Benevenuto, Fabr\'{\i}cio and Rodrigues, Tiago and Cha, Meeyoung and Almeida, Virg\'{\i}lio},
 title = {{Characterizing User Behavior in Online Social Networks}},
 booktitle = {Proc. of ACM SIGCOMM IMC '09},
 year = {2009},
} 

@article{senb09,
  author    = {M. Steiner and
               T. En-Najjary and
               E. Biersack},
  title     = {{Long Term Study of Peer Behavior in the KAD DHT}},
  journal   = {IEEE/ACM Transactions on Networking},
  volume = 17,
  year      = {2009}
 }

@inproceedings{zipfitems,
 author = {L. Breslau and P. Cao and L. Fan and G. Philips and S. Shenker},
 title = {{Web Caching and Zipf-like Distributions: Evidence and Implications}},
 booktitle = {Proc. of INFOCOM '99},
 year = {1999}
} 

@book{ OECD,
  title = {{Broadband Growth and Policies in OECD Countries}},
  publisher = {{Organisation for Economic, Co-Operation and Development}},
  year = {2008},
  author = {OECD}
}

@misc{oecdReport,
title = {{OECD Bandwidth Report}},
url = {http://www.oecd.org/sti/ict/broadband},
year = {2007},
author = {{OECD}}
}

@article{gnp,
 author = {T. Ng and
 S. Eugene and 
 Hui Zhang},
 title = {{Global Network Positioning: A New Approach to Network Distance Prediction}},
 journal = {ACM SIGCOMM Computer Communications Review},
 volume = {32},
 number = {1},
 year = {2002},
 issn = {0146-4833},
 xpages = {61--61},
 publisher = {ACM},
 }

@Article{ peerfactsim2,
	xauthor = "Aleksandra Kovacevic and Sebastian Kaune and Patrick Mukherjee and Nicolas Liebau and Ralf Steinmetz",
	author = "Aleksandra Kovacevic and Sebastian Kaune and others",
	title = {{Benchmarking Platform for Peer-to-Peer Systems}},
	journal = "it - Information Technology",
	number = {5},
	xxpages = {312-319},
	volume = {49},
	publisher = "Oldenbourg Wissenschaftsverlag Munich, Germany",
	xjournal = "it - Information Technology (Methods and Applications of Informatics and Information Technology)",
	year = "2007"
}

@inproceedings{lastMileModel,
    title = {{Using the Last-mile Model as a Distributed Scheme for Available Bandwidth Prediction}},
    author = {Beaumont, Olivier and Eyraud-Dubois, Lionel and Won, Joon, Young},
    booktitle = {{EuroPar '11}},
    year = {2011},
}


@inproceedings{	peerfactsim3,
	author = {Dominik Stingl and Christian Gro{\ss} and Julius R{\"u}ckert and Leonhard
Nobach and Aleksandra Kovacevic and Ralf Steinmetz},
	title = {{PeerfactSim.KOM: A Simulation Framework for Peer-to-Peer Systems}},
	year = {2011},
	booktitle = {Proc of HPCS '11},
}

@inproceedings{ab07,
 author = {M. Abdallah and E. Buyukkaya},
 title = {{Fair Load Balancing under Skewed Popularity Patterns in Heterogeneous DHT-based P2P Systems}},
 booktitle = {Proc. of IASTED PDCS'07},
 year = {2007},
} 
@inproceedings{bcm03,
  author    = {J. Byers and
               J. Considine and
               M. Mitzenmacher},
  title     = {{Simple Load Balancing for Distributed Hash Tables}},
  booktitle = {Proc. of IPTPS '03},
  year      = {2003}
}

@unpublished{rs04,
author = {C. Riley and C. Scheideler},
title = {{Local Load Balancing in Distributed Hash Tables}},
note = {unpublished manuscript; \url{http://www.cs.jhu.edu/~scheideler/papers/balancing.ps.gz}},
year = {2004}
}

@TechReport{HY10,
  author =       "E. Harjula and M. Ylianttila",
  title =        "{{Load Balancing Models for DHT-based Peer-to-Peer Networks}}",
  institution =  "IETF",
  type =         "Internet Draft",
  number =       "$<$draft-harjula-p2psip-loadbalancing-survey-01.txt$>$",
  year =         "2010"
}

@inproceedings{stoica01,
 author = {Stoica, Ion and Morris, Robert and Karger, David and Kaashoek, M. Frans and Balakrishnan, Hari},
 title = {{Chord: A scalable peer-to-peer lookup service for internet applications}},
 booktitle = {{Proc. of ACM SIGCOMM '01}},
 year = {2001}
}

@inproceedings{bkm05,
author = {M. Bienkowski and M. Korzeniowski and F. {Meyer auf der Heide}},
title = {{Dynamic Load Balancing in Distributed Hash Tables}},
booktitle = {Proc. of IPTPS '05},
year = {2005}
}

@Article{ Stoica2003,
	author = {Ion Stoica and Robert Morris and David Liben-Nowell and David R. Karger and M. Frans Kaashoek and Frank Dabek and Hari Balakrishnan},
	title = {{Chord: A Scalable Peer-to-Peer Lookup Protocol for Internet Applications}},
	journal = "IEEE/ACM Transactions of Networking",
	year = "2003",
	volume = "11",
	xpages = "17--32",
	number = "1",
}

@inproceedings{safebook,
  author    = {Leucio Antonio Cutillo and
               Refik Molva and
               Thorsten Strufe},
  title     = {{Safebook: Feasibility of Transitive Cooperation for Privacy on a Decentralized Social Network}},
  booktitle = {Proc. of IEEE WOWMOM '09},
  year      = {2009},
}


@InProceedings{peerson,
       author =    "Sonja Buchegger and Doris Schi{\"{o}}berg and Le Hung Vu and Anwitaman Datta",
       title =     {{PeerSoN: P2P Social Networking - Early Experiences and Insights}},
       booktitle = {{Proc. of ACM SNS '09}},
       year =      "2009",
  publisher = {ACM},
} 

@InProceedings{ graffi11ccnc,
	author = "Kalman Graffi and Christian Gro{\ss} and Dominik Stingl and Daniel Hartung and Aleksandra Kovacevic and Ralf Steinmetz",
	title = {{LifeSocial.KOM: A Secure and P2P-based Solution for Online Social Networks}},
	year = "2011",
	booktitle = {{Proc. of IEEE CCNC '11}},
	research_area = "Peer-to-Peer Networking",
}

@InProceedings{ graffi09p2p,
	xauthor = "Kalman Graffi and Dominik Stingl and Julius R{\"u}ckert and Aleksandra Kovacevic",
	author = "Kalman Graffi and Dominik Stingl and Julius R{\"u}ckert and others",
	title = {{Monitoring and Management of Structured Peer-to-Peer Systems}},
	year = "2009",
	booktitle = {{Proc. of IEEE P2P '09}},
}


@InProceedings{ graffi08icpads,
	author = "Kalman Graffi and Aleksandra Kovacevic and Song Xiao and Ralf Steinmetz",
	xAuthor = "Kalman Graffi and others",
	Title = {{Sky{E}ye.{KOM}: {A}n {I}nformation {M}anagement {O}ver-{O}verlay for {G}etting the {O}racle {V}iew on {S}tructured {P}2{P} {S}ystems}},
	BookTitle = {{Proc. of the IEEE Int. Conf. of Parallel and Distributed Systems}},
	year = 2008
}

@inproceedings{DBLP:conf/focs/KempeDG03,
  author    = {David Kempe and
               Alin Dobra and
               Johannes Gehrke},
  title     = {{Gossip-Based Computation of Aggregate Information}},
  booktitle = {Proc. of IEEE FOCS '03},
  year      = {2003},
}





@InProceedings{ graffi10icpads,
	Author = "Kalman Graffi and Christian Gro{\ss} and Dominik Stingl and Hoang Nguyen and Aleksandra Kovacevic and Ralf Steinmetz",
	xAuthor = "Kalman Graffi and Christian Gro{\ss} and Dominik Stingl and Hoang Nguyen and others",
	Title = {{Towards a P2P Cloud: Reliable Resource Reservations in Unreliable P2P Systems}},
	BookTitle = {{Proc. of IEEE ICPADS '10}},
	year = 2010
}


@InProceedings{ kaune09PDP,
	author = "Sebastian Kaune and Konstantin Pussep and Christoph Leng and Aleksandra Kovacevic and Gareth Tyson and Ralf Steinmetz",
	xauthor = "Sebastian Kaune and Konstantin Pussep and Christoph Leng and others",
	title = {{Modelling the Internet Delay Space Based on Geographical Locations}},
	year = "2009",
	booktitle = "{Proc. of PDP '09}",
}


@InProceedings{ kaune08p2p,
	xauthor = "Sebastian Kaune and Tobias Lauinger and Konstantin Pussep and Aleksandra Kovacevic",
	author = "Sebastian Kaune and Tobias Lauinger and Konstantin Pussep and others",
	title = {{Embracing the Peer Next Door: Proximity in Kademlia}},
	year = "2008",
	booktitle = "{Proc. of IEEE P2P '08}",
}


@InProceedings{ graffi08nossdav,
	author = "Kalman Graffi and Sebastian Kaune and Konstantin Pussep and Aleksandra Kovacevic and Ralf Steinmetz",
	xauthor = "Kalman Graffi and Sebastian Kaune and others",
	Title = {{Load {B}alancing for {M}ultimedia {S}treaming in {H}eterogeneous {P}eer-to-{P}eer {S}ystems}},
	BookTitle = {{Proc. of ACM NOSSDAV '08}},
	year = 2008
}


@inproceedings{globase,
  xauthor    = {Aleksandra Kovacevic and Nicolas Liebau and Ralf Steinmetz},
  author    = {Aleksandra Kovacevic and others},
  title     = {{Globase.KOM - A P2P Overlay for Fully Retrievable Location-based Search}},
  booktitle = {Proc. of IEEE P2P '07},
  year      = {2007},
}


@InProceedings{ graffi07lcn,
	Author = "Kalman Graffi and Konstantin Pussep and Sebastian Kaune and Aleksandra Kovacevic and Nicolas Liebau and Ralf Steinmetz",
	xAuthor = "Kalman Graffi and Konstantin Pussep and Sebastian Kaune and others",
	Title = {{Overlay {B}andwidth {M}anagement: {S}cheduling and {A}ctive {Q}ueue {M}anagement of {O}verlay {F}lows}},
	BookTitle = "Proc. of I{EEE} {LCN} '07",
	year = 2007
}


@InProceedings{ graffi07p2pnve,
	xauthor = "Kalman Graffi and Aleksandra Kovacevic and Kyra Wulffert and Ralf Steinmetz",
	author = "Kalman Graffi and Aleksandra Kovacevic and others",
	Title = {{E{CH}o{P}2{P}: {E}mergency {C}all {H}andling over {P}eer-to-{P}eer {O}verlays}},
	BookTitle = "{Proc. of IEEE P2PNVE'07}",
	year = 2007
}


@InProceedings{ kovacevic08p2pnve,
	author = "Aleksandra Kovacevic and Kalman Graffi and Sebastian Kaune and Christof Leng and Ralf Steinmetz",
	xauthor = "Aleksandra Kovacevic and others",
	title = {{Towards Benchmarking of Structured Peer-to-Peer Overlays for Network Virtual Environments}},
	year = "2008",
	booktitle = "{Proc. of IEEE ICPADS '08}",
}


@inproceedings{csipaper,
  xauthor    = {Christian Gro{\ss} and Max Lehn and Dominik Stingl and Aleksandra Kovacevic and Alejandro Buchmann and Ralf Steinmetz},
  author    = {Christian Gro{\ss} and Max Lehn and Dominik Stingl and others},
  title     = {{Towards a Common Interface for Overlay Network Simulators}},
  booktitle = {Proc. of IEEE ICPADS '10},
  year      = {2010},
}








@InProceedings{ graffi08notere,
	Author = "Kalman Graffi and Aleksandra Kovacevic and Nicolas Liebau and Ralf Steinmetz",
	xAuthor = "Kalman Graffi and Aleksandra Kovacevic and others",
	Title = {{From {C}ells to {O}rganisms: {L}ong-{T}erm {G}uarantees on {S}ervice {P}rovisioning in {P}eer-to-{P}eer {N}etworks}},
	BookTitle = {{Proc. of A{CM} {SIGAPP} {NOTERE} '08}},
	year = 2008
}


@InProceedings{ abboud09hotp2p,
	xauthor = "Osama Abboud and Aleksandra Kovacevic and Kalman Graffi and Konstantin Pussep and Ralf Steinmetz",
	author = "Osama Abboud and Aleksandra Kovacevic and Kalman Graffi and Konstantin Pussep and Ralf Steinmetz",
	title = {{Underlay Awareness in P2P Systems: Techniques and Challenges}},
	year = "2009",
	booktitle = "{Proc. of IEEE IPDPS '09}",
}


@InProceedings{ liebau07amcis,
	author = "Nicolas Liebau and Konstantin Pussep and Kalman Graffi and Sebastian Kaune and Eric Jahn and Andr{\'e} Beyer and Ralf Steinmetz",
	xauthor = "Nicolas Liebau and Konstantin Pussep and Kalman Graffi and Sebastian Kaune and others",
	title = {{The Impact of The P2P Paradigm}},
	year = "2007",
	booktitle = "{Proc. of AMCIS '07}",
}


@inproceedings{DBLP:conf/ipps/ZhouH06,
  author    = {Runfang Zhou and
               Kai Hwang},
  title     = {{Trust Overlay Networks for Global Reputation Aggregation in P2P Grid Computing}},
  booktitle = {IEEE IPDPS '06: Proc. of the Int. Parallel and Distributed Processing Symposium},
  year      = {2006},
  }
  
  @article{DBLP:journals/internet/SongHZK05,
  author    = {Shanshan Song and
               Kai Hwang and
               Runfang Zhou and
               Yu-Kwong Kwok},
  title     = {{Trusted P2P Transactions with Fuzzy Reputation Aggregation}},
  journal   = {IEEE Internet Computing},
  volume    = {9},
  number    = {6},
  year      = {2005},
  xpages     = {24-34},
}

@inproceedings{DBLP:conf/dsn/MontresorJB04,
  author    = {Alberto Montresor and
               M{\'a}rk Jelasity and
               {\"O}zalp Babaoglu},
  title     = {{Robust Aggregation Protocols for Large-Scale Overlay Networks}},
  booktitle = {IEEE DSN '04: Proc. of the Int. Conf. on Dependable Systems and
               Networks},
  year      = {2004},
  xpages     = {19-28},
}

@article{DBLP:journals/ijnm/BullotKHGM08,
  author    = {Thomas Bullot and
               Rida Khatoun and
               Louis Hugues and
               Dominique Ga\"{\i}ti and
               Le\"{\i}la Merghem-Boulahia},
  title     = {{A Situatedness-based Knowledge Plane for Autonomic Networking}},
  journal   = {Int. Journal of Network Management},
  volume    = {18},
  number    = {2},
  year      = {2008},
  xpages     = {171-193},
  ee        = {http://dx.doi.org/10.1002/nem.679},
  bibsource = {DBLP, http://dblp.uni-trier.de}
}

@inproceedings{DBLP:conf/networking/PrietoS06,
  author    = {Alberto Gonzalez Prieto and
               Rolf Stadler},
  title     = {{Distributed Real-Time Monitoring with Accuracy Objectives}},
  booktitle = {IFIP-TC6 Networking '06: Proc. of the Int. Networking Conf. 2006 - Networking Technologies, Services, and
               Protocols; Performance of Computer and Communication Networks; Mobile and Wireless Communications Systems},
  year      = {2006},
  xxpages     = {1246-1251},
}

@article{DBLP:journals/cn/WuhibDS08,
  author    = {Fetahi Wuhib and
               Mads Dam and
               Rolf Stadler},
  title     = {{Decentralized Detection of Global Threshold Crossings using
               Aggregation Trees}},
  journal   = {Computer Networks},
  volume    = {52},
  number    = {9},
  year      = {2008},
  xpages     = {1745-1761},
 }

@inproceedings{DBLP:conf/im/JurcaS09,
  author    = {Dan Jurca and
               Rolf Stadler},
  title     = {Computing histograms of local variables for real-time monitoring
               using aggregation trees},
  booktitle = {IFIP/IEEE INM'09: Proc. of the Int.
               Symposium on Integrated Network Management},
  year      = {2009},
  xpages     = {367-374},
}

@article{DBLP:journals/sigops/Birman07,
  author    = {Ken Birman},
  title     = {{The Promise, and Limitations, of Gossip Protocols}},
  journal   = {Operating Systems Review},
  volume    = {41},
  number    = {5},
  year      = {2007},
  xpages     = {8-13},
}

@article{DBLP:journals/dam/Dietzfelbinger04,
  author    = {Martin Dietzfelbinger},
  title     = {Gossiping and broadcasting versus computing functions in
               networks},
  journal   = {Discrete Applied Mathematics},
  volume    = {137},
  number    = {2},
  year      = {2004},
  xpages     = {127-153},
  ee        = {http://dx.doi.org/10.1016/S0166-218X(03)00257-9},
  bibsource = {DBLP, http://dblp.uni-trier.de}
}


@article{DBLP:journals/jcss/KempeM08,
  author    = {David Kempe and
               Frank McSherry},
  title     = {A decentralized algorithm for spectral analysis},
  journal   = {Journal onComputer System Science},
  volume    = {74},
  number    = {1},
  year      = {2008},
  xpages     = {70-83},
}

@inproceedings{oppenheimer2006service,
  title={{Service Placement in a Shared Wide-Area Platform.}},
  author={Oppenheimer, David and 
          Chun, Brent and 
          Patterson, David and 
          Snoeren, Alex C and 
          Vahdat, Amin},
  booktitle={USENIX Annual Technical Conference, General Track},
  pages={273--288},
  year={2006}
}

@article{guinard2010interacting,
  title={Interacting with the soa-based internet of things: Discovery, query, selection, and on-demand provisioning of web services},
  author={Guinard, Dominique and Trifa, Vlad and Karnouskos, Stamatis and Spiess, Patrik and Savio, Domnic},
  journal={IEEE transactions on Services Computing},
  volume={3},
  number={3},
  pages={223--235},
  year={2010},
  publisher={IEEE}
}


	



@mastersthesis{packetskip09,
  document_type     = {Bachelor's Thesis},
  title={{PacketSkip: Modified Skip Graph for Multi-dimensional Search in Structured Peer-to-Peer Systems}},
  author={Funke, Andreas},
  school            = {HHU D{\"u}sseldorf},
  year              = {2017},
  type              = {Bachelor Thesis},
}

@inproceedings{packetskip10,
  title={{PacketSkip: Skip Graph for Multidimensional Search in Structured Peer-to-Peer Systems}},
  author={Disterh{\"o}ft, Andreas and 
          Funke, Andreas and 
          Graffi, Kalman},
  booktitle={Accepted for publication at SASO '17: Proc. of the 11th IEEE Int. Conf. on Self-Adaptive and Self-Organizing Systems},
  year={2017},
  publisher={IEEE}
}

@inproceedings{capsearch,
  title={{CapSearch: Capacity-Based Search in Highly Dynamic Peer-to-Peer Networks}},
  author={Disterh{\"o}ft, Andreas and 
          Graffi, Kalman},
  booktitle={AINA '17: Proc. of the 31st IEEE Int. Conf. on Advanced Information Networking and Applications},
  xpages={621--630},
  year={2017},
  publisher={IEEE}
}
 
@article{Aspnes:2007:SG:1290672.1290674,
 title = {{Skip Graphs}},
 author = {Aspnes, James and 
            Shah, Gauri},
 journal = {ACM Transactions on Algorithms},
 issue_date = {November 2007},
 volume = {3},
 number = {4},
 year = {2007},
 issn = {1549-6325},
 articleno = {37},
 doi = {10.1145/1290672.1290674},
 acmid = {1290674},
 publisher = {ACM},
 address = {New York, NY, USA},
 keywords = {Peer-to-peer, overlay networks, skip lists},
}

@inproceedings{harvey2003skipnet,
 author = {Harvey, Nicholas J. A. and Jones, Michael B. and Saroiu, Stefan and Theimer, Marvin and Wolman, Alec},
 title = {{SkipNet: A Scalable Overlay Network with Practical Locality Properties}},
 booktitle = {USITS '03: Proc. of the 4th Conf. on USENIX Symposium on Internet Technologies and Systems},
 year = {2003},
 location = {Seattle, WA},
 numpages = {1},
 acmid = {1251469},
 publisher = {USENIX Association},
} 

@InProceedings{chord,
  author = "Ion Stoica and Robert Morris and David Karger and M. Frans Kaashoek and Hari Balakrishnan",
  title = {{Chord: A Scalable Peer-to-Peer Lookup Service for Internet Applications}},
  booktitle = {{SIGCOMM '01: Proc. of the Int. Conf. on Applications, Technologies, Architectures, and Protocols for Computer Communications}},
  xpages = "149--160",
  publisher = {ACM},
  ISBN = "1-58113-411-8",
  year = "2001"
}

@inproceedings{adaptivechord,
  author    = {Philipp Wette and Kalman Graffi},
  title     = {{Adding Capacity-Aware Storage Indirection to Homogeneous Distributed Hash Tables}},
  booktitle = {NetSys '13: Proc. of the Networked Systems Annual Technical Conf.},
  year      = {2013},
}

@article{Kargar2017147,
author = {Saeed Kargar and Leyli Mohammad-Khanli},
title = {{Fractal: An advanced multidimensional range query lookup protocol on nested rings for distributed systems}},
journal = {Journal of Network and Computer Applications},
volume = {87},
year = {2017},
issn = {1084-8045},
}

@inproceedings{DBLP:conf/icpads/GraffiKXS08,
  author    = {Kalman Graffi and
               Aleksandra Kovacevic and
               Song Xiao and
               Ralf Steinmetz},
  title     = {{SkyEye.KOM: An Information Management Over-Overlay for Getting the Oracle View on Structured P2P Systems}},
  booktitle = {ICPADS '08: Proc. of the 14th IEEE Int. Conf. on Parallel and Distributed Systems},
  year      = {2008},
  xpages     = {279-286},
  publisher = {IEEE},
}

@article{carlini2016dragon,
  title={{DRAGON: Multidimensional range queries on distributed aggregation trees}},
  author={Carlini, Emanuele and Lulli, Alessandro and Ricci, Laura},
  journal={Future Generation Computer Systems},
  volume={55},
  xpages={101--115},
  year={2016},
  publisher={Elsevier}
}

@article{xu2011new,
  title={{A new and effective hierarchical overlay structure for Peer-to-Peer networks}},
  author={Xu, Ming and Zhou, Shuigeng and Guan, Jihong},
  journal={Computer Communications},
  volume={34},
  number={7},
  xpages={862--874},
  year={2011},
  publisher={Elsevier}
}

@InProceedings{peerfactsim,
  author = "Kalman Graffi",
  title = {{PeerfactSim.KOM: A P2P System Simulator - Experiences and Lessons Learned}},
  booktitle = {P2P '11: Proc. of the 11th IEEE Int. Conf. on Peer-to-Peer Computing},
  publisher={IEEE},
  year = {2011}
}
